@ARTICLE{Aerts-2019-ARAA,
       author = {{Aerts}, Conny and {Mathis}, St{\'e}phane and {Rogers}, Tamara M.},
        title = "{Angular Momentum Transport in Stellar Interiors}",
      journal = {\araa},
     keywords = {Astrophysics - Solar and Stellar Astrophysics},
         year = 2019,
        month = aug,
       volume = {57},
        pages = {35-78},
          doi = {10.1146/annurev-astro-091918-104359},
archivePrefix = {arXiv},
       eprint = {1809.07779},
 primaryClass = {astro-ph.SR},
       adsurl = {https://ui.adsabs.harvard.edu/abs/2019ARA&A..57...35A},
      adsnote = {Provided by the SAO/NASA Astrophysics Data System}
}


@ARTICLE{Antia-1994-AAPS,
       author = {{Antia}, H.~M. and {Basu}, S.},
        title = "{Nonasymptotic helioseismic inversion for solar structure.}",
      journal = {\aaps},
     keywords = {SUN: OSCILLATIONS, SUN: INTERIOR, METHODS: ANALYSIS},
         year = 1994,
        month = nov,
       volume = {107},
        pages = {421-444},
       adsurl = {https://ui.adsabs.harvard.edu/abs/1994A&AS..107..421A},
      adsnote = {Provided by the SAO/NASA Astrophysics Data System}
}


@ARTICLE{Antia-1998-MNRAS,
       author = {{Antia}, H.~M. and {Basu}, Sarbani and {Chitre}, S.~M.},
        title = "{Solar internal rotation rate and the latitudinal variation of the tachocline}",
      journal = {\mnras},
     keywords = {SUN: INTERIOR, SUN: OSCILLATIONS, SUN: ROTATION, Astrophysics},
         year = 1998,
        month = aug,
       volume = {298},
       number = {2},
        pages = {543-556},
          doi = {10.1046/j.1365-8711.1998.01635.x},
archivePrefix = {arXiv},
       eprint = {astro-ph/9709083},
 primaryClass = {astro-ph},
       adsurl = {https://ui.adsabs.harvard.edu/abs/1998MNRAS.298..543A},
      adsnote = {Provided by the SAO/NASA Astrophysics Data System}
}


@ARTICLE{Antia-2000-AAP,
   author = {{Antia}, H.~M. and {Chitre}, S.~M. and {Thompson}, M.~J.},
    title = "{The Sun's acoustic asphericity and magnetic fields in the solar convection zone}",
  journal = {\aap},
   eprint = {astro-ph/0005587},
 keywords = {SUN: ACTIVITY, SUN: INTERIOR, SUN: MAGNETIC FIELDS, SUN: OSCILLATIONS},
     year = 2000,
    month = aug,
   volume = 360,
    pages = {335-344},
   adsurl = {https://ui.adsabs.harvard.edu/abs/2000A%26A...360..335A},
  adsnote = {Provided by the SAO/NASA Astrophysics Data System}
}


@ARTICLE{Antia-2001-MNRAS,
       author = {{Antia}, H.~M. and {Basu}, S. and {Hill}, F. and {Howe}, R. and {Komm}, R.~W. and {Schou}, J.},
        title = "{Solar-cycle variation of the sound-speed asphericity from GONG and MDI data 1995-2000}",
      journal = {\mnras},
     keywords = {SUN: INTERIOR, SUN: OSCILLATIONS, Astrophysics},
         year = 2001,
        month = nov,
       volume = {327},
       number = {3},
        pages = {1029-1040},
          doi = {10.1046/j.1365-8711.2001.04819.x},
archivePrefix = {arXiv},
       eprint = {astro-ph/0109326},
 primaryClass = {astro-ph},
       adsurl = {https://ui.adsabs.harvard.edu/abs/2001MNRAS.327.1029A},
      adsnote = {Provided by the SAO/NASA Astrophysics Data System}
}


@ARTICLE{Antia-2008-JApA,
       author = {{Antia}, H.~M.},
        title = "{Seismic study of magnetic field in the solar interior}",
      journal = {Journal of Astrophysics and Astronomy},
         year = 2008,
        month = mar,
       volume = {29},
       number = {1-2},
        pages = {85-92},
          doi = {10.1007/s12036-008-0011-4},
       adsurl = {https://ui.adsabs.harvard.edu/abs/2008JApA...29...85A},
      adsnote = {Provided by the SAO/NASA Astrophysics Data System}
}


@ARTICLE{Antia-Chitre-2013-MNRAS,
   author = {{Antia}, H.~M. and {Chitre}, S.~M. and {Gough}, D.~O.},
    title = "{On the magnetic field required for driving the observed angular-velocity variations in the solar convection zone}",
  journal = {\mnras},
archivePrefix = "arXiv",
   eprint = {1210.6606},
 primaryClass = "astro-ph.SR",
 keywords = {Sun: helioseismology, Sun: interior, Sun: rotation},
     year = 2013,
    month = jan,
   volume = 428,
    pages = {470-475},
      doi = {10.1093/mnras/sts040},
   adsurl = {https://ui.adsabs.harvard.edu/abs/2013MNRAS.428..470A},
  adsnote = {Provided by the SAO/NASA Astrophysics Data System}
}


@ARTICLE{Asplund-2004-AnA,
       author = {{Asplund}, M. and {Grevesse}, N. and {Sauval}, A.~J. and {Allende Prieto}, C. and {Kiselman}, D.},
        title = "{Line formation in solar granulation. IV. [O I], O I and OH lines and the photospheric O abundance}",
      journal = {\aap},
     keywords = {convection, line: formation, Sun: abundances, Sun: granulation, Sun: photosphere, Astrophysics},
         year = 2004,
        month = apr,
       volume = {417},
        pages = {751-768},
          doi = {10.1051/0004-6361:20034328},
archivePrefix = {arXiv},
       eprint = {astro-ph/0312290},
 primaryClass = {astro-ph},
       adsurl = {https://ui.adsabs.harvard.edu/abs/2004A&A...417..751A},
      adsnote = {Provided by the SAO/NASA Astrophysics Data System}
}


@article{Backus-Gilbert-1967-GJI,
	Author = {Backus, George E and Gilbert, JF},
	Date-Added = {2017-09-07 09:03:26 +0000},
	Date-Modified = {2017-09-07 09:03:35 +0000},
	Journal = {Geophysical Journal International},
	Number = {1-3},
	Pages = {247--276},
	Publisher = {Blackwell Publishing Ltd Oxford, UK},
	Title = {Numerical applications of a formalism for geophysical inverse problems},
	Volume = {13},
	Year = {1967}
}


@ARTICLE{Baldner-2008-ApJ,
       author = {{Baldner}, Charles S. and {Basu}, Sarbani},
        title = "{Solar Cycle Related Changes at the Base of the Convection Zone}",
      journal = {\apj},
     keywords = {Sun: activity, Sun: helioseismology, Sun: interior, Astrophysics},
         year = 2008,
        month = oct,
       volume = {686},
       number = {2},
        pages = {1349-1361},
          doi = {10.1086/591514},
archivePrefix = {arXiv},
       eprint = {0807.0442},
 primaryClass = {astro-ph},
       adsurl = {https://ui.adsabs.harvard.edu/abs/2008ApJ...686.1349B},
      adsnote = {Provided by the SAO/NASA Astrophysics Data System}
}


@ARTICLE{Baldner-2009-ApJ,
       author = {{Baldner}, Charles S. and {Antia}, H.~M. and {Basu}, Sarbani and {Larson}, Timothy P.},
        title = "{Solar Magnetic Field Signatures in Helioseismic Splitting Coefficients}",
      journal = {\apj},
     keywords = {Sun: activity, Sun: helioseismology, Sun: magnetic fields, Astrophysics - Solar and Stellar Astrophysics},
         year = 2009,
        month = nov,
       volume = {705},
       number = {2},
        pages = {1704-1713},
          doi = {10.1088/0004-637X/705/2/1704},
archivePrefix = {arXiv},
       eprint = {0910.1597},
 primaryClass = {astro-ph.SR},
       adsurl = {https://ui.adsabs.harvard.edu/abs/2009ApJ...705.1704B},
      adsnote = {Provided by the SAO/NASA Astrophysics Data System}
}


@article{Baldner-2010-AN,
	Adsnote = {Provided by the SAO/NASA Astrophysics Data System},
	Adsurl = {http://adsabs.harvard.edu/abs/2010AN....331..879B},
	Author = {{Baldner}, C.~S. and {Antia}, H.~M. and {Basu}, S. and {Larson}, T.~P.},
	Date-Added = {2014-12-01 04:23:04 +0000},
	Date-Modified = {2014-12-01 04:23:15 +0000},
	Doi = {10.1002/asna.201011418},
	Journal = {Astronomische Nachrichten},
	Keywords = {Sun: helioseismology, Sun: interior, Sun: magnetic fields},
	Month = dec,
	Pages = {879-882},
	Title = {{Internal magnetic fields inferred from helioseismic data}},
	Volume = 331,
	Year = 2010,
	Bdsk-Url-1 = {http://dx.doi.org/10.1002/asna.201011418}
}


@ARTICLE{Baranyi-2001-MNRAS,
       author = {{Baranyi}, T. and {Gyori}, L. and {Ludm{\'a}ny}, A. and {Coffey}, H.~E.},
        title = "{Comparison of sunspot area data bases}",
      journal = {\mnras},
     keywords = {METHODS: DATA ANALYSIS, SUNSPOTS},
         year = 2001,
        month = may,
       volume = {323},
       number = {1},
        pages = {223-230},
          doi = {10.1046/j.1365-8711.2001.04195.x},
       adsurl = {https://ui.adsabs.harvard.edu/abs/2001MNRAS.323..223B},
      adsnote = {Provided by the SAO/NASA Astrophysics Data System}
}


@ARTICLE{Basu-1996-BASI,
       author = {{Basu}, Sarbani and {Christensen-Dalsgaard}, J. and {Schou}, J. and {Thompson}, M.~J. and {Tomczyk}, S.},
        title = "{Solar structure as revealed by 1 year LOWL data}",
      journal = {Bulletin of the Astronomical Society of India},
         year = 1996,
        month = jun,
       volume = {24},
        pages = {147},
       adsurl = {https://ui.adsabs.harvard.edu/abs/1996BASI...24..147B},
      adsnote = {Provided by the SAO/NASA Astrophysics Data System}
}


@ARTICLE{Basu-1997-MNRAS,
       author = {{Basu}, Sarbani and {Antia}, H.~M.},
        title = "{Seismic measurement of the depth of the solar convection zone}",
      journal = {\mnras},
     keywords = {CONVECTION, SUN: INTERIOR, SUN: OSCILLATIONS},
         year = 1997,
        month = may,
       volume = {287},
       number = {1},
        pages = {189-198},
          doi = {10.1093/mnras/287.1.189},
       adsurl = {https://ui.adsabs.harvard.edu/abs/1997MNRAS.287..189B},
      adsnote = {Provided by the SAO/NASA Astrophysics Data System}
}


@ARTICLE{Basu-Antia-1999-ApJ,
   author = {{Basu}, S. and {Antia}, H.~M. and {Tripathy}, S.~C.},
    title = "{Ring Diagram Analysis of Near-Surface Flows in the Sun}",
  journal = {\apj},
   eprint = {astro-ph/9809309},
 keywords = {SUN: INTERIOR, SUN: OSCILLATIONS, SUN: ROTATION, Sun: Interior, Sun: Oscillations, Sun: Rotation},
     year = 1999,
    month = feb,
   volume = 512,
    pages = {458-470},
      doi = {10.1086/306765},
   adsurl = {https://ui.adsabs.harvard.edu/abs/1999ApJ...512..458B},
  adsnote = {Provided by the SAO/NASA Astrophysics Data System}
}


@ARTICLE{Basu-Antia-2003-ApJ,
       author = {{Basu}, Sarbani and {Antia}, H.~M.},
        title = "{Changes in Solar Dynamics from 1995 to 2002}",
      journal = {\apj},
     keywords = {Sun: Helioseismology, Sun: Interior, Sun: Oscillations, Sun: Rotation, Astrophysics},
         year = 2003,
        month = mar,
       volume = {585},
       number = {1},
        pages = {553-565},
          doi = {10.1086/346020},
archivePrefix = {arXiv},
       eprint = {astro-ph/0211548},
 primaryClass = {astro-ph},
       adsurl = {https://ui.adsabs.harvard.edu/abs/2003ApJ...585..553B},
      adsnote = {Provided by the SAO/NASA Astrophysics Data System}
}


@ARTICLE{Balbus-2009-MNRAS,
       author = {{Balbus}, Steven A. and {Bonart}, Julius and {Latter}, Henrik N. and {Weiss}, Nigel O.},
        title = "{Differential rotation and convection in the Sun}",
      journal = {\mnras},
     keywords = {convection, instabilities, Sun: helioseismology, Sun: rotation, Astrophysics - Solar and Stellar Astrophysics},
         year = 2009,
        month = nov,
       volume = {400},
       number = {1},
        pages = {176-182},
          doi = {10.1111/j.1365-2966.2009.15464.x},
archivePrefix = {arXiv},
       eprint = {0907.5075},
 primaryClass = {astro-ph.SR},
       adsurl = {https://ui.adsabs.harvard.edu/abs/2009MNRAS.400..176B},
      adsnote = {Provided by the SAO/NASA Astrophysics Data System}
}


@ARTICLE{Baldner-2012-ApJL,
       author = {{Baldner}, Charles S. and {Schou}, Jesper},
        title = "{Effects of Asymmetric Flows in Solar Convection on Oscillation Modes}",
      journal = {\apjl},
     keywords = {Sun: granulation, Sun: helioseismology, Sun: oscillations, Astrophysics - Solar and Stellar Astrophysics},
         year = 2012,
        month = nov,
       volume = {760},
       number = {1},
          eid = {L1},
        pages = {L1},
          doi = {10.1088/2041-8205/760/1/L1},
archivePrefix = {arXiv},
       eprint = {1210.1583},
 primaryClass = {astro-ph.SR},
       adsurl = {https://ui.adsabs.harvard.edu/abs/2012ApJ...760L...1B},
      adsnote = {Provided by the SAO/NASA Astrophysics Data System}
}


@ARTICLE{Batchelor-Proudman-1956-PTRS,
       author = {{Batchelor}, G.~K. and {Proudman}, I.},
        title = "{The Large-Scale Structure of Homogeneous Turbulence}",
      journal = {Philosophical Transactions of the Royal Society of London Series A},
         year = 1956,
        month = jan,
       volume = {248},
       number = {949},
        pages = {369-405},
          doi = {10.1098/rsta.1956.0002},
       adsurl = {https://ui.adsabs.harvard.edu/abs/1956RSPTA.248..369B},
      adsnote = {Provided by the SAO/NASA Astrophysics Data System}
}


@ARTICLE{Beckers-1977-ApJ,
       author = {{Beckers}, J.~M.},
        title = "{Material motions in sunspot umbrae.}",
      journal = {\apj},
     keywords = {Solar Gravitation, Solar Rotation, Sunspots, Umbras, Convective Flow, Doppler Effect, Radiant Flux Density, Red Shift, Solar Limb, Solar Spectra, Solar Physics},
         year = 1977,
        month = may,
       volume = {213},
        pages = {900-905},
          doi = {10.1086/155222},
       adsurl = {https://ui.adsabs.harvard.edu/abs/1977ApJ...213..900B},
      adsnote = {Provided by the SAO/NASA Astrophysics Data System}
}

@ARTICLE{Beckers-1978-SoPh,
       author = {{Beckers}, J.~M. and {Nelson}, G.~D.},
        title = "{Some comments on the limb shift of solar lines. II: The effect of granular motions.}",
      journal = {\solphys},
     keywords = {Fraunhofer Lines, Frequency Shift, Solar Granulation, Solar Limb, Solar Spectra, Convective Flow, Doppler Effect, Mathematical Models, Red Shift, Solar Physics, Solar Granulation:Motions, Sun: Limb Effect},
         year = 1978,
        month = jul,
       volume = {58},
       number = {2},
        pages = {243-261},
          doi = {10.1007/BF00157270},
       adsurl = {https://ui.adsabs.harvard.edu/abs/1978SoPh...58..243B},
      adsnote = {Provided by the SAO/NASA Astrophysics Data System}
}


@ARTICLE{Braun-2021-ApJ,
       author = {{Braun}, D.~C. and {Birch}, A.~C. and {Fan}, Y.},
        title = "{Probing the Solar Meridional Circulation Using Fourier Legendre Decomposition}",
      journal = {\apj},
     keywords = {Helioseismology, Solar meridional circulation, Solar interior, 709, 1874, 1500, Astrophysics - Solar and Stellar Astrophysics},
         year = 2021,
        month = apr,
       volume = {911},
       number = {1},
          eid = {54},
        pages = {54},
          doi = {10.3847/1538-4357/abe7e4},
archivePrefix = {arXiv},
       eprint = {2103.02499},
 primaryClass = {astro-ph.SR},
       adsurl = {https://ui.adsabs.harvard.edu/abs/2021ApJ...911...54B},
      adsnote = {Provided by the SAO/NASA Astrophysics Data System}
}


@ARTICLE{Brown-Morrow-1987-ApJL,
       author = {{Brown}, Timothy M. and {Morrow}, Cherilynn A.},
        title = "{Depth and Latitude Dependence of Solar Rotation}",
      journal = {\apjl},
     keywords = {Doppler Effect, P Waves, Solar Oscillations, Solar Rotation, Acoustic Velocity, Fourier Analysis, Legendre Functions, Spatial Resolution, Stellar Models, Solar Physics, SUN: OSCILLATIONS, SUN: ROTATION},
         year = 1987,
        month = mar,
       volume = {314},
        pages = {L21},
          doi = {10.1086/184843},
       adsurl = {https://ui.adsabs.harvard.edu/abs/1987ApJ...314L..21B},
      adsnote = {Provided by the SAO/NASA Astrophysics Data System}
}


@ARTICLE{Brown-1989-ApJ,
       author = {{Brown}, Timothy M. and {Christensen-Dalsgaard}, Jorgen and {Dziembowski}, Wojciech A. and {Goode}, Philip and {Gough}, Douglas O. and {Morrow}, Cherilynn A.},
        title = "{Inferring the Sun's Internal Angular Velocity from Observed p-Mode Frequency Splittings}",
      journal = {\apj},
     keywords = {Angular Velocity, Solar Interior, Solar Oscillations, Solar Rotation, Error Analysis, Forward Scattering, Integral Equations, Inverse Scattering, Kernel Functions, Tachometers, Solar Physics, SUN: INTERIOR, SUN: OSCILLATIONS, SUN: ROTATION},
         year = 1989,
        month = aug,
       volume = {343},
        pages = {526},
          doi = {10.1086/167727},
       adsurl = {https://ui.adsabs.harvard.edu/abs/1989ApJ...343..526B},
      adsnote = {Provided by the SAO/NASA Astrophysics Data System}
}


@ARTICLE{Brummell-1995-Science,
       author = {{Brummell}, Nicholas and {Cattaneo}, Fausto and {Toomre}, Juri},
        title = "{Turbulent Dynamics in the Solar Convection Zone}",
      journal = {Science},
         year = 1995,
        month = sep,
       volume = {269},
       number = {5229},
        pages = {1370-1379},
          doi = {10.1126/science.269.5229.1370},
       adsurl = {https://ui.adsabs.harvard.edu/abs/1995Sci...269.1370B},
      adsnote = {Provided by the SAO/NASA Astrophysics Data System}
}


@ARTICLE{Buldgen-2019-FrASS,
       author = {{Buldgen}, Ga{\"e}l and {Salmon}, S{\'e}bastien and {Noels}, Arlette},
        title = "{Progress in global helioseismology: a new light on the solar modelling problem and its implications for solar-like stars}",
      journal = {Frontiers in Astronomy and Space Sciences},
     keywords = {The Sun, helioseismology, Asteroseismology, Solar-like stars: fundamental parameters, Solar abundance problem, stellar structure and evolution, Astrophysics - Solar and Stellar Astrophysics},
         year = 2019,
        month = jul,
       volume = {6},
          eid = {42},
        pages = {42},
          doi = {10.3389/fspas.2019.00042},
archivePrefix = {arXiv},
       eprint = {1906.08213},
 primaryClass = {astro-ph.SR},
       adsurl = {https://ui.adsabs.harvard.edu/abs/2019FrASS...6...42B},
      adsnote = {Provided by the SAO/NASA Astrophysics Data System}
}


@ARTICLE{Cacciani-2006-CMDynA,
       author = {{Cacciani}, Alessandro and {Briguglio}, Runa and {Massa}, Fabrizio and {Rapex}, Paolo},
        title = "{Precise measurement of the solar gravitational red shift}",
      journal = {Celestial Mechanics and Dynamical Astronomy},
     keywords = {Tests of general relativity, Gravitational red-shift, Fraunhofer spectrum, Magneto-optical filter},
         year = 2006,
        month = may,
       volume = {95},
       number = {1-4},
        pages = {425-437},
          doi = {10.1007/s10569-006-9014-0},
       adsurl = {https://ui.adsabs.harvard.edu/abs/2006CeMDA..95..425C},
      adsnote = {Provided by the SAO/NASA Astrophysics Data System}
}



@ARTICLE{Campagne-2014-PhysF,
       author = {{Campagne}, Antoine and {Gallet}, Basile and {Moisy}, Fr{\'e}d{\'e}ric and {Cortet}, Pierre-Philippe},
        title = "{Direct and inverse energy cascades in a forced rotating turbulence experiment}",
      journal = {Physics of Fluids},
     keywords = {Physics - Fluid Dynamics, Condensed Matter - Statistical Mechanics},
         year = 2014,
        month = dec,
       volume = {26},
       number = {12},
          eid = {125112},
        pages = {125112},
          doi = {10.1063/1.4904957},
archivePrefix = {arXiv},
       eprint = {1412.3933},
 primaryClass = {physics.flu-dyn},
       adsurl = {https://ui.adsabs.harvard.edu/abs/2014PhFl...26l5112C},
      adsnote = {Provided by the SAO/NASA Astrophysics Data System}
}


@ARTICLE{Cattaneo-2001-ApJL,
       author = {{Cattaneo}, Fausto and {Lenz}, Dawn and {Weiss}, Nigel},
        title = "{On the Origin of the Solar Mesogranulation}",
      journal = {\apjl},
     keywords = {Sun: Granulation, Sun: Magnetic Fields, Sun: Photosphere},
         year = 2001,
        month = dec,
       volume = {563},
       number = {1},
        pages = {L91-L94},
          doi = {10.1086/338355},
       adsurl = {https://ui.adsabs.harvard.edu/abs/2001ApJ...563L..91C},
      adsnote = {Provided by the SAO/NASA Astrophysics Data System}
}


@ARTICLE{Cattaneo-2003-ApJ,
       author = {{Cattaneo}, Fausto and {Emonet}, Thierry and {Weiss}, Nigel},
        title = "{On the Interaction between Convection and Magnetic Fields}",
      journal = {\apj},
     keywords = {Convection, Sun: Magnetic Fields, Sun: Photosphere},
         year = 2003,
        month = may,
       volume = {588},
       number = {2},
        pages = {1183-1198},
          doi = {10.1086/374313},
       adsurl = {https://ui.adsabs.harvard.edu/abs/2003ApJ...588.1183C},
      adsnote = {Provided by the SAO/NASA Astrophysics Data System}
}


@article{Chan-Serizawa-1991-IAUC,
        title={On Numerical Studies of Solar/Stellar Convection},
        volume={130},
        DOI={10.1017/S0252921100079343},
        journal={International Astronomical Union Colloquium},
        publisher={Cambridge University Press},
        author={Chan, Kwing L. and Serizawa, Katsuyo},
        year={1991},
        pages={15–26}
}


@article{Chandrasekhar-Kendall-1957,
	Author = {Chandrasekhar, Subramanyan and Kendall, Paul C},
	Date-Added = {2018-12-04 16:54:30 +0530},
	Date-Modified = {2018-12-04 16:54:37 +0530},
	Journal = {The Astrophysical Journal},
	Pages = {457},
	Title = {On force-free magnetic fields.},
	Volume = {126},
	Year = {1957}
}


@ARTICLE{Chaplin-1999-MNRAS,
       author = {{Chaplin}, W.~J. and {Christensen-Dalsgaard}, J. and {Elsworth}, Y. and
         {Howe}, R. and {Isaak}, G.~R. and {Larsen}, R.~M. and {New}, R. and
         {Schou}, J. and {Thompson}, M.~J. and {Tomczyk}, S.},
        title = "{Rotation of the solar core from BiSON and LOWL frequency observations}",
      journal = {\mnras},
         year = 1999,
        month = sep,
       volume = {308},
       number = {2},
        pages = {405-414},
          doi = {10.1046/j.1365-8711.1999.02691.x},
       adsurl = {https://ui.adsabs.harvard.edu/abs/1999MNRAS.308..405C},
      adsnote = {Provided by the SAO/NASA Astrophysics Data System}
}


@ARTICLE{Chaplin-2004-MNRAS,
       author = {{Chaplin}, W.~J. and {Sekii}, T. and {Elsworth}, Y. and {Gough}, D.~O.},
        title = "{On the detectability of a rotation-rate gradient in the solar core}",
      journal = {\mnras},
     keywords = {methods: data analysis, Sun: helioseismology, Sun: interior, Sun: rotation},
         year = 2004,
        month = dec,
       volume = {355},
       number = {2},
        pages = {535-542},
          doi = {10.1111/j.1365-2966.2004.08338.x},
       adsurl = {https://ui.adsabs.harvard.edu/abs/2004MNRAS.355..535C},
      adsnote = {Provided by the SAO/NASA Astrophysics Data System}
}


@ARTICLE{Charbonneau-2005-LRSP,
       author = {{Charbonneau}, Paul},
        title = "{Dynamo Models of the Solar Cycle}",
      journal = {Living Reviews in Solar Physics},
     keywords = {Solar cycle, Solar activity, Dynamo, Magnetic fields, Flux Rope, Meridional Circulation, Dynamo Model, Toroidal Field, Solar Dynamo},
         year = 2005,
        month = jun,
       volume = {2},
       number = {1},
          eid = {2},
        pages = {2},
          doi = {10.12942/lrsp-2005-2},
       adsurl = {https://ui.adsabs.harvard.edu/abs/2005LRSP....2....2C},
      adsnote = {Provided by the SAO/NASA Astrophysics Data System}
}


@ARTICLE{Charbonneau-2020-LRSP,
       author = {{Charbonneau}, Paul},
        title = "{Dynamo models of the solar cycle}",
      journal = {Living Reviews in Solar Physics},
     keywords = {Solar cycle, Solar activity, Dynamo, Magnetic fields},
         year = 2020,
        month = jun,
       volume = {17},
       number = {1},
          eid = {4},
        pages = {4},
          doi = {10.1007/s41116-020-00025-6},
       adsurl = {https://ui.adsabs.harvard.edu/abs/2020LRSP...17....4C},
      adsnote = {Provided by the SAO/NASA Astrophysics Data System}
}


@ARTICLE{Chatterjee-Antia-2009-ApJ,
       author = {{Chatterjee}, Piyali and {Antia}, H.~M.},
        title = "{Solar Flows and Their Effect on Frequencies of Acoustic Modes}",
      journal = {\apj},
     keywords = {Sun: helioseismology, Sun: interior, Astrophysics - Solar and Stellar Astrophysics},
         year = 2009,
        month = dec,
       volume = {707},
       number = {1},
        pages = {208-217},
          doi = {10.1088/0004-637X/707/1/208},
archivePrefix = {arXiv},
       eprint = {0910.4137},
 primaryClass = {astro-ph.SR},
       adsurl = {https://ui.adsabs.harvard.edu/abs/2009ApJ...707..208C},
      adsnote = {Provided by the SAO/NASA Astrophysics Data System}
}


@ARTICLE{Chen-2017-ApJ,
       author = {{Chen}, Ruizhu and {Zhao}, Junwei},
        title = "{A Comprehensive Method to Measure Solar Meridional Circulation and the Center-to-limb Effect Using Time-Distance Helioseismology}",
      journal = {\apj},
     keywords = {Sun: helioseismology, Sun: interior, Sun: oscillations, Astrophysics - Solar and Stellar Astrophysics},
         year = 2017,
        month = nov,
       volume = {849},
       number = {2},
          eid = {144},
        pages = {144},
          doi = {10.3847/1538-4357/aa8eec},
archivePrefix = {arXiv},
       eprint = {1709.07905},
 primaryClass = {astro-ph.SR},
       adsurl = {https://ui.adsabs.harvard.edu/abs/2017ApJ...849..144C},
      adsnote = {Provided by the SAO/NASA Astrophysics Data System}
}


@ARTICLE{Choudhuri-2021-SCPMA,
       author = {{Choudhuri}, Arnab Rai},
        title = "{The meridional circulation of the Sun: Observations, theory and connections with the solar dynamo}",
      journal = {Science China Physics, Mechanics, and Astronomy},
     keywords = {astrophysical plasma, solar physics, Sun: solar magnetism, Sun: helioseismology, fluid flow: rotational, Astrophysics - Solar and Stellar Astrophysics},
         year = 2021,
        month = mar,
       volume = {64},
       number = {3},
          eid = {239601},
        pages = {239601},
          doi = {10.1007/s11433-020-1628-1},
archivePrefix = {arXiv},
       eprint = {2008.09347},
 primaryClass = {astro-ph.SR},
       adsurl = {https://ui.adsabs.harvard.edu/abs/2021SCPMA..6439601C},
      adsnote = {Provided by the SAO/NASA Astrophysics Data System}
}


@ARTICLE{Christensen-Meyer-1998-PRD,
       author = {{Christensen}, Nelson and {Meyer}, Renate},
        title = "{Markov chain Monte Carlo methods for Bayesian gravitational radiation data analysis}",
      journal = {\prd},
     keywords = {04.80.Nn, 02.70.Lq, 06.20.Dk, Gravitational wave detectors and experiments, Measurement and error theory},
         year = 1998,
        month = oct,
       volume = {58},
       number = {8},
          eid = {082001},
        pages = {082001},
          doi = {10.1103/PhysRevD.58.082001},
       adsurl = {https://ui.adsabs.harvard.edu/abs/1998PhRvD..58h2001C},
      adsnote = {Provided by the SAO/NASA Astrophysics Data System}
}


@ARTICLE{Claverie-1981-Natur,
       author = {{Claverie}, A. and {Isaak}, G.~R. and {McLeod}, C.~P. and {van der Raay}, H.~B. and {Roca Cortes}, T.},
        title = "{Rapid rotation of the solar interior}",
      journal = {\nat},
     keywords = {Solar Interior, Solar Rotation, Solar Spectra, Absorption Spectra, Doppler Effect, Fraunhofer Lines, Frequency Distribution, Spherical Harmonics, Solar Physics, SOLAR INTERIOR, SOLAR ROTATION, SOLAR SPECTRA, ABSORPTION SPECTRA, DOPPLER EFFECT, FRAUNHOFER LINES, FREQUENCY DISTRIBUTION, SPHERICAL HARMONICS},
         year = 1981,
        month = oct,
       volume = {293},
        pages = {443-445},
          doi = {10.1038/293443a0},
       adsurl = {https://ui.adsabs.harvard.edu/abs/1981Natur.293..443C},
      adsnote = {Provided by the SAO/NASA Astrophysics Data System}
}


@ARTICLE{Couvidat-2003-ApJL,
       author = {{Couvidat}, S. and {Garc{\'\i}a}, R.~A. and {Turck-Chi{\`e}ze}, S. and
         {Corbard}, T. and {Henney}, C.~J. and {Jim{\'e}nez-Reyes}, S.},
        title = "{The Rotation of the Deep Solar Layers}",
      journal = {\apjl},
     keywords = {Instrumentation: Miscellaneous, Sun: Helioseismology, Sun: Rotation, Astrophysics},
         year = 2003,
        month = nov,
       volume = {597},
       number = {1},
        pages = {L77-L79},
          doi = {10.1086/379698},
archivePrefix = {arXiv},
       eprint = {astro-ph/0309806},
 primaryClass = {astro-ph},
       adsurl = {https://ui.adsabs.harvard.edu/abs/2003ApJ...597L..77C},
      adsnote = {Provided by the SAO/NASA Astrophysics Data System}
}


@article{Cowling-1934-MNRAS,
    author = {Cowling, T. G.},
    title = "{The Magnetic Field of Sunspots}",
    journal = {Monthly Notices of the Royal Astronomical Society},
    volume = {94},
    number = {1},
    pages = {39-48},
    year = {1933},
    month = {11},
    issn = {0035-8711},
    doi = {10.1093/mnras/94.1.39},
    url = {https://doi.org/10.1093/mnras/94.1.39},
    eprint = {https://academic.oup.com/mnras/article-pdf/94/1/39/2838157/mnras94-0039.pdf},
}


@article{Cutler-2017-arXiv,
    title={Using eigenmode-mixing to measure or constrain the Sun's interior B-field},
    author={Curt Cutler},
    year={2017},
    eprint={1706.07404},
    archivePrefix={arXiv},
    primaryClass={astro-ph.SR}
}


@book{Dahlen-Tromp-1998-Book,
	Author = {{Dahlen}, F.~A. and {Tromp}, J.},
	Date-Added = {2012-06-01 15:44:37 +0000},
	Date-Modified = {2012-06-01 15:45:39 +0000},
	Publisher = {{Princeton University Press}},
	Title = {{Theoretical Global Seismology}},
	Year = {1998}
}


@ARTICLE{Derosa-2002-ApJ,
       author = {{De Rosa}, Marc L. and {Gilman}, Peter A. and {Toomre}, Juri},
        title = "{Solar Multiscale Convection and Rotation Gradients Studied in Shallow Spherical Shells}",
      journal = {\apj},
     keywords = {Convection, Hydrodynamics, Sun: Interior, Sun: Rotation, Turbulence, Astrophysics},
         year = 2002,
        month = dec,
       volume = {581},
       number = {2},
        pages = {1356-1374},
          doi = {10.1086/344295},
archivePrefix = {arXiv},
       eprint = {astro-ph/0209054},
 primaryClass = {astro-ph},
       adsurl = {https://ui.adsabs.harvard.edu/abs/2002ApJ...581.1356D},
      adsnote = {Provided by the SAO/NASA Astrophysics Data System}
}


@ARTICLE{Dravins-1982-ARAA,
       author = {{Dravins}, D.},
        title = "{Photospheric spectrum line asymmetries and wavelength shifts}",
      journal = {\araa},
     keywords = {Line Spectra, Photosphere, Stellar Atmospheres, Asymmetry, Atmospheric Circulation, Atmospheric Models, High Resolution, Solar Granulation, Solar Spectra, Spatial Resolution, Spectral Line Width, Stellar Models, Time Dependence, Wavelengths, Astrophysics},
         year = 1982,
        month = jan,
       volume = {20},
        pages = {61-89},
          doi = {10.1146/annurev.aa.20.090182.000425},
       adsurl = {https://ui.adsabs.harvard.edu/abs/1982ARA&A..20...61D},
      adsnote = {Provided by the SAO/NASA Astrophysics Data System}
}


@ARTICLE{Duvall-1980-SoPh,
       author = {{Duvall}, T.~L., Jr.},
        title = "{The Equatorial Rotation Rate of the Supergranulation Cells}",
      journal = {\solphys},
     keywords = {Equatorial Atmosphere, Solar Granulation, Solar Rotation, Velocity Distribution, Angular Momentum, Cross Correlation, Radial Flow, Solar Physics, Spectroheliographs, Solar Physics},
         year = 1980,
        month = jun,
       volume = {66},
       number = {2},
        pages = {213-221},
          doi = {10.1007/BF00150578},
       adsurl = {https://ui.adsabs.harvard.edu/abs/1980SoPh...66..213D},
      adsnote = {Provided by the SAO/NASA Astrophysics Data System}
}


@article{Duvall-1984-Natur,
	Adsnote = {Provided by the SAO/NASA Astrophysics Data System},
	Adsurl = {http://esoads.eso.org/abs/1984Natur.310...19D},
	Author = {{Duvall}, Jr., T.~L. and {Harvey}, J.~W.},
	Date-Added = {2008-05-09 14:08:49 +1000},
	Date-Modified = {2008-05-09 14:08:49 +1000},
	Journal = {\nat},
	Month = jul,
	Pages = {19-22},
	Title = {{Rotational frequency splitting of solar oscillations}},
	Volume = 310,
	Year = 1984
}


@ARTICLE{Duvall-1991-ApJ,
       author = {{Duvall}, T.~L., Jr. and {Harvey}, J.~W. and {Jefferies}, S.~M. and
         {Pomerantz}, M.~A.},
        title = "{Measurements of High-Frequency Solar Oscillation Modes}",
      journal = {\apj},
     keywords = {High Frequencies, Solar Oscillations, Spectral Line Width, Wave Propagation, Frequency Distribution, Phase Shift, Vibration Mode, Solar Physics, SUN: OSCILLATIONS, WAVE MOTIONS},
         year = 1991,
        month = may,
       volume = {373},
        pages = {308},
          doi = {10.1086/170052},
       adsurl = {https://ui.adsabs.harvard.edu/abs/1991ApJ...373..308D},
      adsnote = {Provided by the SAO/NASA Astrophysics Data System}
}


@ARTICLE{Duvall-1993-Natur,
       author = {{Duvall}, T.~L., Jr. and {Jefferies}, S.~M. and {Harvey}, J.~W. and {Pomerantz}, M.~A.},
        title = "{Time-distance helioseismology}",
      journal = {\nat},
     keywords = {Helioseismology, Solar Interior, Solar Oscillations, Time Measurement, Cross Correlation, Distance, Vibration Mode, Solar Physics},
         year = 1993,
        month = apr,
       volume = {362},
       number = {6419},
        pages = {430-432},
          doi = {10.1038/362430a0},
       adsurl = {https://ui.adsabs.harvard.edu/abs/1993Natur.362..430D},
      adsnote = {Provided by the SAO/NASA Astrophysics Data System}
}


@article{Duvall-1996-Natur,
	Adsnote = {Provided by the SAO/NASA Astrophysics Data System},
	Adsurl = {http://esoads.eso.org/abs/1996Natur.379..235D},
	Author = {{Duvall}, Jr., T.~L. and {D'Silva}, S. and {Jefferies}, S.~M. and {Harvey}, J.~W. and {Schou}, J.},
	Date-Added = {2008-05-09 14:05:10 +1000},
	Date-Modified = {2013-06-06 01:25:27 +0000},
	Doi = {10.1038/379235a0},
	Journal = {\nat},
	Month = jan,
	Pages = {235},
	Title = {{Downflows Under Sunspots Detected by Helioseismic Tomography}},
	Volume = 379,
	Year = 1996,
	Bdsk-Url-1 = {http://dx.doi.org/10.1038/379235a0}
}


@article{Duvall-Birch-2010-ApJ,
	doi = {10.1088/2041-8205/725/1/l47},
	url = {https://doi.org/10.1088/2041-8205/725/1/l47},
	year = 2010,
	month = {nov},
	publisher = {American Astronomical Society},
	volume = {725},
	number = {1},
	pages = {L47--L51},
	author = {T. L. Duvall, Jr. and A. C. Birch},
	title = {The Vertical Component of the Supergranular Motion},
	journal = {The Astrophysical Journal},
	abstract = {Supergranules are observed at the solar photosphere as a cellular horizontal flow pattern with flow diverging from cell centers and converging on cell boundaries. Clark & Johnson calculated that mass conservation leads to an expected vertical flow of only 10 m s–1, which has been difficult to observe. In the present work, Doppler images near the disk center from Michelson Doppler Imager are averaged about locations of cell centers to obtain the necessary signal-to-noise ratio to see the vertical flow. It is found that, for an average over 1100 cell centers, there is a 10 m s–1 upflow at cell center and a 5 m s–1 downflow at the cell boundaries, confirming the previous estimate. The rms vertical flow is 4 m s–1, smaller than Giovanelli's upper limit of 10 m s–1.}
}


@ARTICLE{DFM-2013-PASP,
       author = {{Foreman-Mackey}, Daniel and {Hogg}, David W. and {Lang}, Dustin and
         {Goodman}, Jonathan},
        title = "{emcee: The MCMC Hammer}",
      journal = {\pasp},
     keywords = {Astrophysics - Instrumentation and Methods for Astrophysics, Physics - Computational Physics, Statistics - Computation},
         year = 2013,
        month = mar,
       volume = {125},
       number = {925},
        pages = {306},
          doi = {10.1086/670067},
archivePrefix = {arXiv},
       eprint = {1202.3665},
 primaryClass = {astro-ph.IM},
       adsurl = {https://ui.adsabs.harvard.edu/abs/2013PASP..125..306F},
      adsnote = {Provided by the SAO/NASA Astrophysics Data System}
}


@ARTICLE{Eff-Darwich-2002-ApJ,
       author = {{Eff-Darwich}, A. and {Korzennik}, S.~G. and {Jim{\'e}nez-Reyes}, S.~J.},
        title = "{Inversion of the Internal Solar Rotation Rate}",
      journal = {\apj},
     keywords = {Sun: Interior, Sun: Rotation},
         year = 2002,
        month = jul,
       volume = {573},
       number = {2},
        pages = {857-863},
          doi = {10.1086/340747},
       adsurl = {https://ui.adsabs.harvard.edu/abs/2002ApJ...573..857E},
      adsnote = {Provided by the SAO/NASA Astrophysics Data System}
}


@article{Fan-2009-LRSP,
	Adsnote = {Provided by the SAO/NASA Astrophysics Data System},
	Adsurl = {http://adsabs.harvard.edu/abs/2009LRSP....6....4F},
	Author = {{Fan}, Y.},
	Date-Added = {2017-09-21 11:43:16 +0000},
	Date-Modified = {2017-09-21 11:43:23 +0000},
	Doi = {10.12942/lrsp-2009-4},
	Eid = {4},
	Journal = {Living Reviews in Solar Physics},
	Keywords = {MHD, Sun: activity, Sun: magnetic fields, Sun: magnetic fields Sun: interior, sunspots},
	Month = dec,
	Pages = {4},
	Title = {{Magnetic Fields in the Solar Convection Zone}},
	Volume = 6,
	Year = 2009,
	Bdsk-Url-1 = {http://dx.doi.org/10.12942/lrsp-2009-4}
}


@ARTICLE{Fossat-1992-AAP,
       author = {{Fossat}, E. and {Regulo}, C. and {Roca Cortes}, T. and
         {Ekhgamberdiev}, S. and {Gelly}, B. and {Grec}, G. and {Khalikov}, S. and
         {Khamitov}, I. and {Lazrek}, M. and {Palle}, P.~I.},
        title = "{On the acoustic cut-off frequency of the sun}",
      journal = {\aap},
     keywords = {Helioseismology, P Waves, Sound Waves, Frequency Distribution, Power Spectra, Spectral Line Width, Spectrometers, Traveling Waves, Solar Physics},
         year = 1992,
        month = dec,
       volume = {266},
       number = {1},
        pages = {532-536},
       adsurl = {https://ui.adsabs.harvard.edu/abs/1992A&A...266..532F},
      adsnote = {Provided by the SAO/NASA Astrophysics Data System}
}


@book{Freidberg-2014-Book,
        place = {Cambridge},
		title = {Ideal MHD},
		DOI   = {10.1017/CBO9780511795046},
	publisher = {Cambridge University Press},
	   author = {Freidberg, Jeffrey P.},
	     year = {2014}
}


@article{Georgobiani-2006-arXiv,
    author = "Georgobiani, Dali and Zhao, Junwei and Kosovichev,
              Alexander and Benson, David and Stein, Robert F. and Nordlund, Ake",
    title = "{Local helioseismology and correlation tracking analysis
              of surface structures in realistic simulations of solar convection}",
    eprint = "astro-ph/0608204",
    archivePrefix = "arXiv",
    doi = "10.1086/511148",
    journal = "Astrophys. J.",
    volume = "657",
    pages = "1157--1161",
    year = "2007"
}


@article{Giles-1997-Natur,
	Adsnote = {Provided by the SAO/NASA Astrophysics Data System},
	Adsurl = {http://esoads.eso.org/abs/1997Natur.390...52G},
	Author = {{Giles}, P.~M. and {Duvall}, Jr., T.~L. and {Scherrer}, P.~H. and {Bogart}, R.~S.},
	Date-Added = {2008-05-09 14:04:01 +1000},
	Date-Modified = {2008-08-06 11:59:28 -0700},
	Journal = {\nat},
	Month = nov,
	Pages = {52},
	Title = {{A Flow of Material from the Suns Equator to its Poles}},
	Volume = 390,
	Year = 1997
}


@PHDTHESIS{Giles-2000-PhDT,
       author = {{Giles}, Peter Mark},
        title = "{Time-distance measurements of large-scale flows in the solar convection zone}",
     keywords = {Physics: Astronomy and Astrophysics},
       school = {Stanford University, California},
         year = 2000,
        month = aug,
       adsurl = {https://ui.adsabs.harvard.edu/abs/2000PhDT.........9G},
      adsnote = {Provided by the SAO/NASA Astrophysics Data System}
}


@ARTICLE{Gilman-1974-ARAA,
       author = {{Gilman}, P.~A.},
        title = "{Solar rotation.}",
      journal = {\araa},
     keywords = {Astronomical Models, Dynamo Theory, Solar Rotation, Angular Momentum, Doppler Effect, Fluid Dynamics, Photosphere, Solar Atmosphere, Solar Interior, Solar Magnetic Field, Solar Wind, Solar Physics},
         year = 1974,
        month = jan,
       volume = {12},
        pages = {47-70},
          doi = {10.1146/annurev.aa.12.090174.000403},
       adsurl = {https://ui.adsabs.harvard.edu/abs/1974ARA&A..12...47G},
      adsnote = {Provided by the SAO/NASA Astrophysics Data System}
}


@INPROCEEDINGS{Gilman-Howe-2003-Book,
       author = {{Gilman}, P.~A. and {Howe}, R.},
        title = "{Meridional motion and the slope of isorotation contours}",
     keywords = {Solar Rotation},
    booktitle = {GONG+ 2002. Local and Global Helioseismology: the Present and Future},
         year = 2003,
       editor = {{Sawaya-Lacoste}, Huguette},
       series = {ESA Special Publication},
       volume = {517},
        month = feb,
        pages = {283-285},
       adsurl = {https://ui.adsabs.harvard.edu/abs/2003ESASP.517..283G},
      adsnote = {Provided by the SAO/NASA Astrophysics Data System}
}


@ARTICLE{Giovanelli-1980-SoPh,
       author = {{Giovanelli}, R.~G.},
        title = "{The Supergranule Velocity Field}",
      journal = {\solphys},
     keywords = {Solar Granulation, Solar Magnetic Field, Velocity Distribution, Velocity Measurement, Atomic Spectra, Dynamo Theory, Iron, Polarization Characteristics, Solar Physics, Vertical Motion, Solar Physics},
         year = 1980,
        month = sep,
       volume = {67},
       number = {2},
        pages = {211-228},
          doi = {10.1007/BF00149803},
       adsurl = {https://ui.adsabs.harvard.edu/abs/1980SoPh...67..211G},
      adsnote = {Provided by the SAO/NASA Astrophysics Data System}
}


@ARTICLE{Gizon-2003-Natur,
       author = {{Gizon}, L. and {Duvall}, T.~L. and {Schou}, J.},
        title = "{Wave-like properties of solar supergranulation}",
      journal = {\nat},
     keywords = {Astrophysics},
         year = 2003,
        month = jan,
       volume = {421},
       number = {6918},
        pages = {43-44},
          doi = {10.1038/nature01287},
archivePrefix = {arXiv},
       eprint = {astro-ph/0208343},
 primaryClass = {astro-ph},
       adsurl = {https://ui.adsabs.harvard.edu/abs/2003Natur.421...43G},
      adsnote = {Provided by the SAO/NASA Astrophysics Data System}
}


@ARTICLE{Gizon-2020-Science,
       author = {{Gizon}, Laurent and {Cameron}, Robert H. and {Pourabdian}, Majid and
         {Liang}, Zhi-Chao and {Fournier}, Damien and {Birch}, Aaron C. and
         {Hanson}, Chris S.},
        title = "{Meridional flow in the Sun{\textquoteright}s convection zone is a single cell in each hemisphere}",
      journal = {Science},
     keywords = {ASTRONOMY},
         year = 2020,
        month = jun,
       volume = {368},
       number = {6498},
        pages = {1469-1472},
          doi = {10.1126/science.aaz7119},
       adsurl = {https://ui.adsabs.harvard.edu/abs/2020Sci...368.1469G},
      adsnote = {Provided by the SAO/NASA Astrophysics Data System}
}


@book{gnu-parallel,
  author       = {Tange, Ole},
  title        = {GNU Parallel 2018},
  publisher    = {Ole Tange},
  year         = 2018,
  month        = apr,
  doi          = {10.5281/zenodo.1146014},
  url          = {https://doi.org/10.5281/zenodo.1146014}
}


@ARTICLE{Goldreich-1977-ApJ,
       author = {{Goldreich}, P. and {Keeley}, D.~A.},
        title = "{Solar seismology. II. The stochastic excitation of the solar p-modes by turbulent convection.}",
      journal = {\apj},
     keywords = {Atmospheric Turbulence, Convective Flow, Seismology, Solar Atmosphere, Stochastic Processes, Turbulence Effects, Atmospheric Models, Kinetic Energy, Modal Response, Perturbation Theory, Vortices, Solar Physics},
         year = 1977,
        month = feb,
       volume = {212},
        pages = {243-251},
          doi = {10.1086/155043},
       adsurl = {https://ui.adsabs.harvard.edu/abs/1977ApJ...212..243G},
      adsnote = {Provided by the SAO/NASA Astrophysics Data System}
}


@ARTICLE{GONG-1996-Sci,
       author = {{Harvey}, J.~W. and {Hill}, F. and {Hubbard}, R.~P. and {Kennedy}, J.~R. and {Leibacher}, J.~W. and {Pintar}, J.~A. and {Gilman}, P.~A. and {Noyes}, R.~W. and {Title}, A.~M. and {Toomre}, J. and {Ulrich}, R.~K. and {Bhatnagar}, A. and {Kennewell}, J.~A. and {Marquette}, W. and {Patron}, J. and {Saa}, O. and {Yasukawa}, E.},
        title = "{The Global Oscillation Network Group (GONG) Project}",
      journal = {Science},
         year = 1996,
        month = may,
       volume = {272},
       number = {5266},
        pages = {1284-1286},
          doi = {10.1126/science.272.5266.1284},
       adsurl = {https://ui.adsabs.harvard.edu/abs/1996Sci...272.1284H},
      adsnote = {Provided by the SAO/NASA Astrophysics Data System}
}


@article{Goode-2004-ApJ,
	Adsnote = {Provided by the SAO/NASA Astrophysics Data System},
	Adsurl = {http://adsabs.harvard.edu/abs/2004ApJ...600..464D},
	Author = {{Dziembowski}, W.~A. and {Goode}, P.~R.},
	Date-Added = {2016-12-29 07:34:43 +0000},
	Date-Modified = {2016-12-29 07:34:50 +0000},
	Doi = {10.1086/379708},
	Eprint = {astro-ph/0310095},
	Journal = {\apj},
	Keywords = {Sun: Activity, Sun: Helioseismology, Sun: Magnetic Fields, Sun: Oscillations},
	Month = jan,
	Pages = {464-479},
	Title = {{Helioseismic Probing of Solar Variability: The Formalism and Simple Assessments}},
	Volume = 600,
	Year = 2004,
	Bdsk-Url-1 = {http://dx.doi.org/10.1086/379708}
}


@ARTICLE{Goodman-Weare-2010-CAMCS,
       author = {{Goodman}, Jonathan and {Weare}, Jonathan},
        title = "{Ensemble samplers with affine invariance}",
      journal = {Communications in Applied Mathematics and Computational Science},
     keywords = {Markov chain Monte Carlo, affine invariance, ensemble samplers},
         year = 2010,
        month = jan,
       volume = {5},
       number = {1},
        pages = {65-80},
          doi = {10.2140/camcos.2010.5.65},
       adsurl = {https://ui.adsabs.harvard.edu/abs/2010CAMCS...5...65G},
      adsnote = {Provided by the SAO/NASA Astrophysics Data System}
}


@article{Gough-1990-MNRAS,
	Adsnote = {Provided by the SAO/NASA Astrophysics Data System},
	Adsurl = {http://adsabs.harvard.edu/abs/1990MNRAS.242...25G},
	Author = {{Gough}, D.~O. and {Thompson}, M.~J.},
	Date-Added = {2016-12-29 08:52:57 +0000},
	Date-Modified = {2016-12-29 08:53:19 +0000},
	Doi = {10.1093/mnras/242.1.25},
	Journal = {\mnras},
	Keywords = {Broken Symmetry, Stellar Magnetic Fields, Stellar Oscillations, Stellar Rotation, Angular Velocity, Gravitational Effects, Perturbation Theory, Resonant Frequencies, Stellar Interiors},
	Month = jan,
	Pages = {25-55},
	Title = {{The effect of rotation and a buried magnetic field on stellar oscillations}},
	Volume = 242,
	Year = 1990,
	Bdsk-Url-1 = {http://dx.doi.org/10.1093/mnras/242.1.25}
}


@inproceedings{Gough-1990-LNP,
	Adsnote = {Provided by the SAO/NASA Astrophysics Data System},
	Adsurl = {http://adsabs.harvard.edu/abs/1990LNP...367..283G},
	Author = {{Gough}, D.~O.},
	Booktitle = {Progress of Seismology of the Sun and Stars},
	Date-Added = {2015-01-26 07:48:35 +0000},
	Date-Modified = {2015-01-26 07:48:35 +0000},
	Doi = {10.1007/3-540-53091-6},
	Editor = {{Osaki}, Y. and {Shibahashi}, H.},
	Pages = {283},
	Series = {Lecture Notes in Physics, Berlin Springer Verlag},
	Title = {{Comments on Helioseismic Inference}},
	Volume = {367},
	Year = {1990},
	Bdsk-Url-1 = {http://dx.doi.org/10.1007/3-540-53091-6}
}


@ARTICLE{Gough-2010-ApJ,
       author = {{Gough}, Douglas and {Hindman}, Bradley W.},
        title = "{Helioseismic Detection of Deep Meridional Flow}",
      journal = {\apj},
     keywords = {Sun: helioseismology, Sun: interior, Sun: oscillations, Astrophysics - Solar and Stellar Astrophysics},
         year = 2010,
        month = may,
       volume = {714},
       number = {1},
        pages = {960-970},
          doi = {10.1088/0004-637X/714/1/960},
archivePrefix = {arXiv},
       eprint = {0911.2013},
 primaryClass = {astro-ph.SR},
       adsurl = {https://ui.adsabs.harvard.edu/abs/2010ApJ...714..960G},
      adsnote = {Provided by the SAO/NASA Astrophysics Data System}
}


@ARTICLE{Grec-1980-Nature,
       author = {{Grec}, G. and {Fossat}, E. and {Pomerantz}, M.},
        title = "{Solar oscillations: full disk observations from the geographic South Pole}",
      journal = {\nat},
     keywords = {Polar Regions, Solar Oscillations, Solar Probes, Stellar Structure, Abundance, Chemical Composition, Electrophotometers, Solar Observatories, Solar Physics},
         year = 1980,
        month = dec,
       volume = {288},
       number = {5791},
        pages = {541-544},
          doi = {10.1038/288541a0},
       adsurl = {https://ui.adsabs.harvard.edu/abs/1980Natur.288..541G},
      adsnote = {Provided by the SAO/NASA Astrophysics Data System}
}


@INPROCEEDINGS{Grevesse-1996-ASPC,
       author = {{Grevesse}, N. and {Noels}, A. and {Sauval}, A.~J.},
        title = "{Standard Abundances}",
    booktitle = {Cosmic Abundances},
         year = 1996,
       editor = {{Holt}, Stephen S. and {Sonneborn}, George},
       series = {Astronomical Society of the Pacific Conference Series},
       volume = {99},
        month = jan,
        pages = {117},
       adsurl = {https://ui.adsabs.harvard.edu/abs/1996ASPC...99..117G},
      adsnote = {Provided by the SAO/NASA Astrophysics Data System}
}


@article{Hanasoge-2017-MNRAS,
	Adsnote = {Provided by the SAO/NASA Astrophysics Data System},
	Adsurl = {http://adsabs.harvard.edu/abs/2017MNRAS.470.1404H},
	Archiveprefix = {arXiv},
	Author = {{Hanasoge}, S.~M. and {Woodard}, M. and {Antia}, H.~M. and {Gizon}, L. and {Sreenivasan}, K.~R.},
	Date-Added = {2017-07-21 09:53:23 +0000},
	Date-Modified = {2017-07-21 09:53:31 +0000},
	Doi = {10.1093/mnras/stx1298},
	Eprint = {1705.08204},
	Journal = {\mnras},
	Keywords = {hydrodynamics, waves, Sun: helioseismology, Sun: interior, Sun: oscillations},
	Month = sep,
	Pages = {1404-1420},
	Primaryclass = {astro-ph.SR},
	Title = {{Sensitivity of helioseismic measurements of normal-mode coupling to flows and sound-speed perturbations}},
	Volume = 470,
	Year = 2017,
	Bdsk-Url-1 = {http://dx.doi.org/10.1093/mnras/stx1298}}


@article{Hanasoge-2018-ApJ,
	Adsnote = {Provided by the SAO/NASA Astrophysics Data System},
	Adsurl = {http://adsabs.harvard.edu/abs/2018ApJ...861...46H},
	Archiveprefix = {arXiv},
	Author = {{Hanasoge}, S.},
	Date-Added = {2018-12-02 11:34:33 +0530},
	Date-Modified = {2018-12-04 14:14:44 +0530},
	Doi = {10.3847/1538-4357/aac3e3},
	Eid = {46},
	Eprint = {1802.02776},
	Journal = {\apj},
	Keywords = {hydrodynamics, Sun: helioseismology, Sun: interior, Sun: oscillations, waves},
	Month = jul,
	Pages = {46},
	Primaryclass = {astro-ph.SR},
	Title = {{Measurement Process and Inversions Using Helioseismic Normal-mode Coupling}},
	Volume = 861,
	Year = 2018,
	Bdsk-Url-1 = {https://doi.org/10.3847/1538-4357/aac3e3}
}


@ARTICLE{Hanasoge-2019-ApJL,
       author = {{Hanasoge}, Shravan and {Mandal}, Krishnendu},
        title = "{Detection of Rossby Waves in the Sun using Normal-mode Coupling}",
      journal = {\apjl},
     keywords = {catalogs, miscellaneous, Sun: helioseismology, surveys, waves},
         year = 2019,
        month = feb,
       volume = {871},
       number = {2},
          eid = {L32},
        pages = {L32},
          doi = {10.3847/2041-8213/aaff60},
       adsurl = {https://ui.adsabs.harvard.edu/abs/2019ApJ...871L..32H},
      adsnote = {Provided by the SAO/NASA Astrophysics Data System}
}


@ARTICLE{Hanasoge-2020-ScienceAdv,
       author = {{Hanasoge}, Shravan M. and {Hotta}, Hideyuki and {Sreenivasan}, Katepalli R.},
        title = "{Turbulence in the Sun is suppressed on large scales and confined to equatorial regions}",
      journal = {Science Advances},
         year = 2020,
        month = jul,
       volume = {6},
       number = {30},
        pages = {eaba9639},
          doi = {10.1126/sciadv.aba9639},
       adsurl = {https://ui.adsabs.harvard.edu/abs/2020SciA....6A9639H},
      adsnote = {Provided by the SAO/NASA Astrophysics Data System}
}


@ARTICLE{Hanson-2020-AAP,
       author = {{Hanson}, Chris S. and {Duvall}, Thomas L. and {Birch}, Aaron C. and {Gizon}, Laurent and {Sreenivasan}, Katepalli R.},
        title = "{Solar east-west flow correlations that persist for months at low latitudes are dominated by active region inflows}",
      journal = {\aap},
     keywords = {Sun: helioseismology, Sun: oscillations, Sun: interior, Sun: activity, waves, convection, Astrophysics - Solar and Stellar Astrophysics},
         year = 2020,
        month = dec,
       volume = {644},
          eid = {A103},
        pages = {A103},
          doi = {10.1051/0004-6361/202039108},
archivePrefix = {arXiv},
       eprint = {2010.13052},
 primaryClass = {astro-ph.SR},
       adsurl = {https://ui.adsabs.harvard.edu/abs/2020A&A...644A.103H},
      adsnote = {Provided by the SAO/NASA Astrophysics Data System}
}


@ARTICLE{Hathaway-Wilson-1990-ApJ,
       author = {{Hathaway}, David H. and {Wilson}, Robert M.},
        title = "{Solar Rotation and the Sunspot Cycle}",
      journal = {\apj},
     keywords = {Solar Activity, Solar Rotation, Sunspot Cycle, Angular Velocity, Velocity Distribution, Solar Physics, SUN: ROTATION, SUN: SUNSPOTS},
         year = 1990,
        month = jul,
       volume = {357},
        pages = {271},
          doi = {10.1086/168913},
       adsurl = {https://ui.adsabs.harvard.edu/abs/1990ApJ...357..271H},
      adsnote = {Provided by the SAO/NASA Astrophysics Data System}
}


@ARTICLE{Hathaway-2002-SoPh,
       author = {{Hathaway}, D.~H. and {Beck}, J.~G. and {Han}, S. and {Raymond}, J.},
        title = "{Radial Flows in Supergranules}",
      journal = {\solphys},
         year = 2002,
        month = jan,
       volume = {205},
       number = {1},
        pages = {25-38},
          doi = {10.1023/A:1013881213279},
       adsurl = {https://ui.adsabs.harvard.edu/abs/2002SoPh..205...25H},
      adsnote = {Provided by the SAO/NASA Astrophysics Data System}
}


@ARTICLE{Hathaway-2006-ApJ,
       author = {{Hathaway}, D.~H. and {Williams}, P.~E. and {Cuntz}, M.},
        title = "{Supergranule Superrotation Identified as a Projection Effect}",
      journal = {\apj},
     keywords = {Convection, Sun: Helioseismology, Sun: Photosphere, Sun: Rotation, Turbulence, Waves},
         year = 2006,
        month = jun,
       volume = {644},
       number = {1},
        pages = {598-602},
          doi = {10.1086/498842},
       adsurl = {https://ui.adsabs.harvard.edu/abs/2006ApJ...644..598H},
      adsnote = {Provided by the SAO/NASA Astrophysics Data System}
}


@ARTICLE{Hathaway-2015-ApJ,
       author = {{Hathaway}, David H. and {Teil}, Thibaud and {Norton}, Aimee A. and
         {Kitiashvili}, Irina},
        title = "{The Sun's Photospheric Convection Spectrum}",
      journal = {\apj},
     keywords = {convection, Sun: granulation, Sun: interior, Sun: photosphere, Astrophysics - Solar and Stellar Astrophysics},
         year = 2015,
        month = oct,
       volume = {811},
       number = {2},
          eid = {105},
        pages = {105},
          doi = {10.1088/0004-637X/811/2/105},
archivePrefix = {arXiv},
       eprint = {1508.03022},
 primaryClass = {astro-ph.SR},
       adsurl = {https://ui.adsabs.harvard.edu/abs/2015ApJ...811..105H},
      adsnote = {Provided by the SAO/NASA Astrophysics Data System}
}


@ARTICLE{Hathaway-2015-LRSP,
       author = {{Hathaway}, David H.},
        title = "{The Solar Cycle}",
      journal = {Living Reviews in Solar Physics},
     keywords = {Sunspots, Solar cycle, Solar cycle prediction, Solar activity, Astrophysics - Solar and Stellar Astrophysics},
         year = 2015,
        month = sep,
       volume = {12},
       number = {1},
          eid = {4},
        pages = {4},
          doi = {10.1007/lrsp-2015-4},
archivePrefix = {arXiv},
       eprint = {1502.07020},
 primaryClass = {astro-ph.SR},
       adsurl = {https://ui.adsabs.harvard.edu/abs/2015LRSP...12....4H},
      adsnote = {Provided by the SAO/NASA Astrophysics Data System}
}


@ARTICLE{healpix,
   author = {{G{\'o}rski}, K.~M. and {Hivon}, E. and {Banday}, A.~J. and
	{Wandelt}, B.~D. and {Hansen}, F.~K. and {Reinecke}, M. and
	{Bartelmann}, M.},
    title = "{HEALPix: A Framework for High-Resolution Discretization and Fast Analysis of Data Distributed on the Sphere}",
  journal = {\apj},
   eprint = {arXiv:astro-ph/0409513},
 keywords = {Cosmology: Cosmic Microwave Background, Cosmology: Observations, Methods: Statistical},
     year = 2005,
    month = apr,
   volume = 622,
    pages = {759-771},
      doi = {10.1086/427976},
   adsurl = {http://adsabs.harvard.edu/abs/2005ApJ...622..759G},
  adsnote = {Provided by the SAO/NASA Astrophysics Data System}
}


@article{healpy,
  doi = {10.21105/joss.01298},
  url = {https://doi.org/10.21105/joss.01298},
  year = {2019},
  month = mar,
  publisher = {The Open Journal},
  volume = {4},
  number = {35},
  pages = {1298},
  author = {Andrea Zonca and Leo Singer and Daniel Lenz and Martin Reinecke and Cyrille Rosset and Eric Hivon and Krzysztof Gorski},
  title = {healpy: equal area pixelization and spherical harmonics transforms for data on the sphere in Python},
  journal = {Journal of Open Source Software}
}


@ARTICLE{Herschel-1801-PTRS,
       author = {{Herschel}, William},
        title = "{Observations Tending to Investigate the Nature of the Sun, in Order to Find the Causes or Symptoms of Its Variable Emission of Light and Heat; With Remarks on the Use That May Possibly Be Drawn from Solar Observations}",
      journal = {Philosophical Transactions of the Royal Society of London Series I},
         year = 1801,
        month = jan,
       volume = {91},
        pages = {265-318},
       adsurl = {https://ui.adsabs.harvard.edu/abs/1801RSPT...91..265H},
      adsnote = {Provided by the SAO/NASA Astrophysics Data System}
}


@ARTICLE{HMI-2012-SoPh,
       author = {{Scherrer}, P.~H. and {Schou}, J. and {Bush}, R.~I. and {Kosovichev}, A.~G. and {Bogart}, R.~S. and {Hoeksema}, J.~T. and {Liu}, Y. and {Duvall}, T.~L. and {Zhao}, J. and {Title}, A.~M. and {Schrijver}, C.~J. and {Tarbell}, T.~D. and {Tomczyk}, S.},
        title = "{The Helioseismic and Magnetic Imager (HMI) Investigation for the Solar Dynamics Observatory (SDO)}",
      journal = {\solphys},
         year = 2012,
        month = jan,
       volume = {275},
       number = {1-2},
        pages = {207-227},
          doi = {10.1007/s11207-011-9834-2},
       adsurl = {https://ui.adsabs.harvard.edu/abs/2012SoPh..275..207S},
      adsnote = {Provided by the SAO/NASA Astrophysics Data System}
}


@ARTICLE{HMI-2012b-SoPh,
       author = {{Schou}, J. and {Scherrer}, P.~H. and {Bush}, R.~I. and {Wachter}, R. and {Couvidat}, S. and {Rabello-Soares}, M.~C. and {Bogart}, R.~S. and {Hoeksema}, J.~T. and {Liu}, Y. and {Duvall}, T.~L. and {Akin}, D.~J. and {Allard}, B.~A. and {Miles}, J.~W. and {Rairden}, R. and {Shine}, R.~A. and {Tarbell}, T.~D. and {Title}, A.~M. and {Wolfson}, C.~J. and {Elmore}, D.~F. and {Norton}, A.~A. and {Tomczyk}, S.},
        title = "{Design and Ground Calibration of the Helioseismic and Magnetic Imager (HMI) Instrument on the Solar Dynamics Observatory (SDO)}",
      journal = {\solphys},
     keywords = {Solar Dynamics Observatory, Helioseismology, observations, Instrumentation and data management, Magnetic fields, photosphere},
         year = 2012,
        month = jan,
       volume = {275},
       number = {1-2},
        pages = {229-259},
          doi = {10.1007/s11207-011-9842-2},
       adsurl = {https://ui.adsabs.harvard.edu/abs/2012SoPh..275..229S},
      adsnote = {Provided by the SAO/NASA Astrophysics Data System}
}


@ARTICLE{Horn-Shishkina-2015-JFM,
       author = {{Horn}, Susanne and {Shishkina}, Olga},
        title = "{Toroidal and poloidal energy in rotating Rayleigh-B{\'e}nard convection}",
      journal = {Journal of Fluid Mechanics},
     keywords = {Physics - Fluid Dynamics},
         year = 2015,
        month = jan,
       volume = {762},
        pages = {232-255},
          doi = {10.1017/jfm.2014.652},
archivePrefix = {arXiv},
       eprint = {1404.7755},
 primaryClass = {physics.flu-dyn},
       adsurl = {https://ui.adsabs.harvard.edu/abs/2015JFM...762..232H},
      adsnote = {Provided by the SAO/NASA Astrophysics Data System}
}


@ARTICLE{Howard-1984-ApJ,
       author = {{Howard}, R. and {Gilman}, P.~I. and {Gilman}, P.~A.},
        title = "{Rotation of the sun measured from Mount Wilson white-light images}",
      journal = {\apj},
     keywords = {Astronomical Photography, Solar Rotation, Sunspots, Angular Velocity, Annual Variations, Data Reduction, Solar Physics},
         year = 1984,
        month = aug,
       volume = {283},
        pages = {373-384},
          doi = {10.1086/162315},
       adsurl = {https://ui.adsabs.harvard.edu/abs/1984ApJ...283..373H},
      adsnote = {Provided by the SAO/NASA Astrophysics Data System}
}


@article{Howe-2008-ASR,
	Adsnote = {Provided by the SAO/NASA Astrophysics Data System},
	Adsurl = {http://adsabs.harvard.edu/abs/2008AdSpR..41..846H},
	Author = {{Howe}, R.},
	Date-Added = {2009-07-09 10:23:35 +0200},
	Date-Modified = {2009-07-09 10:23:45 +0200},
	Doi = {10.1016/j.asr.2006.12.033},
	Journal = {Advances in Space Research},
	Pages = {846-854},
	Title = {{Helioseismology and the solar cycle}},
	Volume = 41,
	Year = 2008,
	Bdsk-Url-1 = {http://dx.doi.org/10.1016/j.asr.2006.12.033}
}


@article{Howe-2009-LRSP,
	Adsnote = {Provided by the SAO/NASA Astrophysics Data System},
	Adsurl = {http://adsabs.harvard.edu/abs/2009LRSP....6....1H},
	Archiveprefix = {arXiv},
	Author = {{Howe}, R.},
	Date-Added = {2009-07-09 10:21:07 +0200},
	Date-Modified = {2013-11-15 03:52:16 +0000},
	Eprint = {0902.2406},
	Journal = {Living Reviews in Solar Physics},
	Keywords = {Sun, solar interior, helioseismology, convection, solar cycle},
	Month = feb,
	Pages = {1},
	Title = {{Solar Interior Rotation and its Variation}},
	Volume = 6,
	Year = 2009
}


@ARTICLE{Hoyt-1998-SoPh,
       author = {{Hoyt}, Douglas V. and {Schatten}, Kenneth H.},
        title = "{Group Sunspot Numbers: A New Solar Activity Reconstruction}",
      journal = {\solphys},
         year = 1998,
        month = aug,
       volume = {181},
       number = {2},
        pages = {491-512},
          doi = {10.1023/A:1005056326158},
       adsurl = {https://ui.adsabs.harvard.edu/abs/1998SoPh..181..491H},
      adsnote = {Provided by the SAO/NASA Astrophysics Data System}
}


@ARTICLE{Imada-2018-ApJL,
       author = {{Imada}, S. and {Fujiyama}, M.},
        title = "{Effect of Magnetic Field Strength on Solar Differential Rotation and Meridional Circulation}",
      journal = {\apjl},
     keywords = {Sun: fundamental parameters, Sun: photosphere, Sun: rotation, Astrophysics - Solar and Stellar Astrophysics},
         year = 2018,
        month = sep,
       volume = {864},
       number = {1},
          eid = {L5},
        pages = {L5},
          doi = {10.3847/2041-8213/aad904},
archivePrefix = {arXiv},
       eprint = {1808.03005},
 primaryClass = {astro-ph.SR},
       adsurl = {https://ui.adsabs.harvard.edu/abs/2018ApJ...864L...5I},
      adsnote = {Provided by the SAO/NASA Astrophysics Data System}
}


@ARTICLE{Jackiewicz-2015-ApJ,
       author = {{Jackiewicz}, J. and {Serebryanskiy}, A. and {Kholikov}, S.},
        title = "{Meridional Flow in the Solar Convection Zone. II. Helioseismic Inversions of GONG Data}",
      journal = {\apj},
     keywords = {Sun: helioseismology, Sun: interior, Sun: oscillations, Astrophysics - Solar and Stellar Astrophysics},
         year = 2015,
        month = jun,
       volume = {805},
       number = {2},
          eid = {133},
        pages = {133},
          doi = {10.1088/0004-637X/805/2/133},
archivePrefix = {arXiv},
       eprint = {1504.08071},
 primaryClass = {astro-ph.SR},
       adsurl = {https://ui.adsabs.harvard.edu/abs/2015ApJ...805..133J},
      adsnote = {Provided by the SAO/NASA Astrophysics Data System}
}


@ARTICLE{Jackiewicz-2020-SoPh,
       author = {{Jackiewicz}, Jason},
        title = "{Probabilistic Inversions for Time-Distance Helioseismology}",
      journal = {\solphys},
     keywords = {Helioseismology, inverse modeling, Interior, convective zone, Oscillations, solar, Astrophysics - Solar and Stellar Astrophysics},
         year = 2020,
        month = oct,
       volume = {295},
       number = {10},
          eid = {137},
        pages = {137},
          doi = {10.1007/s11207-020-01667-3},
archivePrefix = {arXiv},
       eprint = {2007.01432},
 primaryClass = {astro-ph.SR},
       adsurl = {https://ui.adsabs.harvard.edu/abs/2020SoPh..295..137J},
      adsnote = {Provided by the SAO/NASA Astrophysics Data System}
}


@ARTICLE{JCD-1991-ApJ,
       author = {{Christensen-Dalsgaard}, J. and {Gough}, D.~O. and {Thompson}, M.~J.},
        title = "{The Depth of the Solar Convection Zone}",
      journal = {\apj},
     keywords = {Convective Flow, Helioseismology, Solar Interior, Solar Oscillations, Sound Propagation, Stellar Composition, Acoustic Velocity, Reynolds Number, Temperature Gradients, Solar Physics, SUN: ABUNDANCES, SUN: INTERIOR, SUN: OSCILLATIONS},
         year = 1991,
        month = sep,
       volume = {378},
        pages = {413},
          doi = {10.1086/170441},
       adsurl = {https://ui.adsabs.harvard.edu/abs/1991ApJ...378..413C},
      adsnote = {Provided by the SAO/NASA Astrophysics Data System}
}


@ARTICLE{JCD-1996-Science,
       author = {{Christensen-Dalsgaard}, J. and {Dappen}, W. and {Ajukov}, S.~V. and {Anderson}, E.~R. and {Antia}, H.~M. and {Basu}, S. and {Baturin}, V.~A. and {Berthomieu}, G. and {Chaboyer}, B. and {Chitre}, S.~M. and {Cox}, A.~N. and {Demarque}, P. and {Donatowicz}, J. and {Dziembowski}, W.~A. and {Gabriel}, M. and {Gough}, D.~O. and {Guenther}, D.~B. and {Guzik}, J.~A. and {Harvey}, J.~W. and {Hill}, F. and {Houdek}, G. and {Iglesias}, C.~A. and {Kosovichev}, A.~G. and {Leibacher}, J.~W. and {Morel}, P. and {Proffitt}, C.~R. and {Provost}, J. and {Reiter}, J. and {Rhodes}, E.~J., Jr. and {Rogers}, F.~J. and {Roxburgh}, I.~W. and {Thompson}, M.~J. and {Ulrich}, R.~K.},
        title = "{The Current State of Solar Modeling}",
      journal = {Science},
         year = 1996,
        month = may,
       volume = {272},
       number = {5266},
        pages = {1286-1292},
          doi = {10.1126/science.272.5266.1286},
       adsurl = {https://ui.adsabs.harvard.edu/abs/1996Sci...272.1286C},
      adsnote = {Provided by the SAO/NASA Astrophysics Data System}
}


@book{JCD-1998-Notes,
  title={\href{https://books.google.com/books?id=FD55cgAACAAJ}{Lecture Notes on Stellar Oscillations}},
  author={Christensen-Dalsgaard, J.},
  url={https://books.google.com/books?id=FD55cgAACAAJ},
  year={1998},
  publisher={Institut for Fysik og Astronomi, Aarhus Universitet}
}


@ARTICLE{Javaraiah-Gokhale-1997-SoPh,
       author = {{Javaraiah}, J. and {Gokhale}, M.~H.},
        title = "{Periodicities in the North-South Asymmetry of the Solar Differential Rotation and Surface Magnetic Field}",
      journal = {\solphys},
         year = 1997,
        month = feb,
       volume = {170},
       number = {2},
        pages = {389-410},
          doi = {10.1023/A:1004928020737},
       adsurl = {https://ui.adsabs.harvard.edu/abs/1997SoPh..170..389J},
      adsnote = {Provided by the SAO/NASA Astrophysics Data System}
}


@INCOLLECTION{Jefferies-1990-LNP,
       author = {{Jefferies}, S.~M. and {Duvall}, T.~L., Jr. and {Harvey}, J.~W. and {Pomerantz}, M.~A.},
        title = "{Helioseismology from the South Pole: Results from the 1987 Campaign}",
    booktitle = {Progress of Seismology of the Sun and Stars},
         year = 1990,
       editor = {{Osaki}, Yoji and {Shibahashi}, Hiromoto},
       volume = {367},
        pages = {135},
          doi = {10.1007/3-540-53091-6_74},
       adsurl = {https://ui.adsabs.harvard.edu/abs/1990LNP...367..135J},
      adsnote = {Provided by the SAO/NASA Astrophysics Data System}
}


@article{Kosovichev-1997-SoPh,
	Adsnote = {Provided by the SAO/NASA Astrophysics Data System},
	Adsurl = {http://esoads.eso.org/abs/1997SoPh..170...43K},
	Author = {{Kosovichev}, A.~G. and {Schou}, J. and {Scherrer}, P.~H. and {Bogart}, R.~S. and {Bush}, R.~I. and {Hoeksema}, J.~T. and {Aloise}, J. and {Bacon}, L. and {Burnette}, A. and {de Forest}, C. and {Giles}, P.~M. and {Leibrand}, K. and {Nigam}, R. and {Rubin}, M. and {Scott}, K. and {Williams}, S.~D. and {Basu}, S. and {Christensen-Dalsgaard}, J. and {Dappen}, W. and {Rhodes}, Jr., E.~J. and {Duvall}, Jr., T.~L. and {Howe}, R. and {Thompson}, M.~J. and {Gough}, D.~O. and {Sekii}, T. and {Toomre}, J. and {Tarbell}, T.~D. and {Title}, A.~M. and {Mathur}, D. and {Morrison}, M. and {Saba}, J.~L.~R. and {Wolfson}, C.~J. and {Zayer}, I. and {Milford}, P.~N.},
	Date-Added = {2008-05-09 14:04:33 +1000},
	Date-Modified = {2008-05-09 14:04:33 +1000},
	Journal = {\solphys},
	Pages = {43-61},
	Title = {{Structure and Rotation of the Solar Interior: Initial Results from the MDI Medium-L Program}},
	Volume = 170,
	Year = 1997
}


@ARTICLE{Kuhn-1998-Natur,
       author = {{Kuhn}, J.~R. and {Bush}, R.~I. and {Scherrer}, P. and {Scheick}, X.},
        title = "{The sun's shape and brightness}",
      journal = {\nat},
     keywords = {Solar Cycles, Stellar Luminosity, Astronomical Photometry, Astrometry, Charge Coupled Devices, Pixels, Solar Physics},
         year = 1998,
        month = mar,
       volume = {392},
        pages = {155},
          doi = {10.1038/32361},
       adsurl = {https://ui.adsabs.harvard.edu/abs/1998Natur.392..155K},
      adsnote = {Provided by the SAO/NASA Astrophysics Data System}
}


@Inbook{Kosovichev-2011-Book,
author="Kosovichev, Alexander G.",
editor="Rozelot, Jean-Pierre
and Neiner, Coralie",
title="Advances in Global and Local Helioseismology: An Introductory Review",
bookTitle="The Pulsations of the Sun and the Stars",
year="2011",
publisher="Springer Berlin Heidelberg",
address="Berlin, Heidelberg",
pages="3--84",
abstract="Helioseismology studies the structure and dynamics of the Sun's interior by observing oscillations on the surface. These studies provide information about the physical processes that control the evolution and magnetic activity of the Sun. In recent years, helioseismology has made substantial progress towards the understanding of the physics of solar oscillations and the physical processes inside the Sun, thanks to observational, theoretical and modeling efforts. In addition to global seismology of the Sun based on measurements of global oscillation modes, a new field of local helioseismology, which studies oscillation travel times and local frequency shifts, has been developed. It is capable of providing 3D images of subsurface structures and flows. The basic principles, recent advances and perspectives of global and local helioseismology are reviewed in this article.",
isbn="978-3-642-19928-8",
doi="10.1007/978-3-642-19928-8_1",
url="https://doi.org/10.1007/978-3-642-19928-8_1"
}


@ARTICLE{Langfellner-2018-AAP,
       author = {{Langfellner}, J. and {Birch}, A.~C. and {Gizon}, L.},
        title = "{Evolution and wave-like properties of the average solar supergranule}",
      journal = {\aap},
     keywords = {Sun: photosphere, convection, Sun: helioseismology, Sun: magnetic fields, Astrophysics - Solar and Stellar Astrophysics},
         year = 2018,
        month = sep,
       volume = {617},
          eid = {A97},
        pages = {A97},
          doi = {10.1051/0004-6361/201732471},
archivePrefix = {arXiv},
       eprint = {1805.12522},
 primaryClass = {astro-ph.SR},
       adsurl = {https://ui.adsabs.harvard.edu/abs/2018A&A...617A..97L},
      adsnote = {Provided by the SAO/NASA Astrophysics Data System}
}


@ARTICLE{Leibacher-1971-ApL,
       author = {{Leibacher}, J.~W. and {Stein}, R.~F.},
        title = "{A New Description of the Solar Five-Minute Oscillation}",
      journal = {\aplett},
     keywords = {GLOBAL MODES, THEORY, JOHN LEIBACHER},
         year = 1971,
        month = jan,
       volume = {7},
        pages = {191-192},
       adsurl = {https://ui.adsabs.harvard.edu/abs/1971ApL.....7..191L},
      adsnote = {Provided by the SAO/NASA Astrophysics Data System}
}


@ARTICLE{Liang-2018-A&A,
       author = {{Liang}, Zhi-Chao and {Gizon}, Laurent and {Birch}, Aaron C. and {Duvall}, Thomas L. and {Rajaguru}, S.~P.},
        title = "{Solar meridional circulation from twenty-one years of SOHO/MDI and SDO/HMI observations. Helioseismic travel times and forward modeling in the ray approximation}",
      journal = {\aap},
     keywords = {Sun: helioseismology, Sun: oscillations, Sun: interior, Astrophysics - Solar and Stellar Astrophysics},
         year = 2018,
        month = nov,
       volume = {619},
          eid = {A99},
        pages = {A99},
          doi = {10.1051/0004-6361/201833673},
archivePrefix = {arXiv},
       eprint = {1808.08874},
 primaryClass = {astro-ph.SR},
       adsurl = {https://ui.adsabs.harvard.edu/abs/2018A&A...619A..99L},
      adsnote = {Provided by the SAO/NASA Astrophysics Data System}
}


@ARTICLE{Schou-1998-ApJL,
       author = {{Schou}, J. and {Bogart}, R.~S.},
        title = "{Flows and Horizontal Displacements from Ring Diagrams}",
      journal = {\apjl},
     keywords = {METHODS: DATA ANALYSIS, SUN: OSCILLATIONS, SUN: ROTATION, Methods: Data Analysis, Sun: Oscillations, Sun: Rotation},
         year = 1998,
        month = sep,
       volume = {504},
       number = {2},
        pages = {L131-L134},
          doi = {10.1086/311575},
       adsurl = {https://ui.adsabs.harvard.edu/abs/1998ApJ...504L.131S},
      adsnote = {Provided by the SAO/NASA Astrophysics Data System}
}


@ARTICLE{Larson-Schou-2015-SoPh,
       author = {{Larson}, Timothy P. and {Schou}, Jesper},
        title = "{Improved Helioseismic Analysis of Medium-{\ensuremath{\ell}} Data from the Michelson Doppler Imager}",
      journal = {\solphys},
     keywords = {Helioseismology, observations, Oscillations, solar, Astrophysics - Solar and Stellar Astrophysics},
         year = 2015,
        month = nov,
       volume = {290},
       number = {11},
        pages = {3221-3256},
          doi = {10.1007/s11207-015-0792-y},
archivePrefix = {arXiv},
       eprint = {1511.05217},
 primaryClass = {astro-ph.SR},
       adsurl = {https://ui.adsabs.harvard.edu/abs/2015SoPh..290.3221L},
      adsnote = {Provided by the SAO/NASA Astrophysics Data System}
}


@ARTICLE{Larson-Schou-2018-SoPh,
       author = {{Larson}, Timothy P. and {Schou}, Jesper},
        title = "{Global-Mode Analysis of Full-Disk Data from the Michelson Doppler Imager and the Helioseismic and Magnetic Imager}",
      journal = {\solphys},
     keywords = {Helioseismology, Observations, Oscillations, Solar},
         year = 2018,
        month = feb,
       volume = {293},
       number = {2},
          eid = {29},
        pages = {29},
          doi = {10.1007/s11207-017-1201-5},
       adsurl = {https://ui.adsabs.harvard.edu/abs/2018SoPh..293...29L},
      adsnote = {Provided by the SAO/NASA Astrophysics Data System}
}


@article{Lavely-Ritzwoller-1992-PTRS,
	Adsnote = {Provided by the SAO/NASA Astrophysics Data System},
	Adsurl = {http://adsabs.harvard.edu/abs/1992RSPTA.339..431L},
	Author = {{Lavely}, E.~M. and {Ritzwoller}, M.~H.},
	Date-Added = {2016-12-01 04:52:38 +0000},
	Date-Modified = {2016-12-01 04:52:51 +0000},
	Doi = {10.1098/rsta.1992.0048},
	Journal = {Philosophical Transactions of the Royal Society of London Series A},
	Month = jun,
	Pages = {431-496},
	Title = {{The Effect of Global-Scale, Steady-State Convection and Elastic-Gravitational Asphericities on Helioseismic Oscillations}},
	Volume = 339,
	Year = 1992,
	Bdsk-Url-1 = {http://dx.doi.org/10.1098/rsta.1992.0048}
}


@ARTICLE{Leighton-1962-ApJ,
       author = {{Leighton}, Robert B. and {Noyes}, Robert W. and {Simon}, George W.},
        title = "{Velocity Fields in the Solar Atmosphere. I. Preliminary Report.}",
      journal = {\apj},
         year = 1962,
        month = mar,
       volume = {135},
        pages = {474},
          doi = {10.1086/147285},
       adsurl = {https://ui.adsabs.harvard.edu/abs/1962ApJ...135..474L},
      adsnote = {Provided by the SAO/NASA Astrophysics Data System}
}


@ARTICLE{Lesieur-Metais-1996-AnnRevFM,
       author = {{Lesieur}, Marcel and {Metais}, Olivier},
        title = "{New trends in large-eddy simulations of turbulence}",
      journal = {Annual Review of Fluid Mechanics},
         year = 1996,
        month = jan,
       volume = {28},
        pages = {45-82},
          doi = {10.1146/annurev.fl.28.010196.000401},
       adsurl = {https://ui.adsabs.harvard.edu/abs/1996AnRFM..28...45L},
      adsnote = {Provided by the SAO/NASA Astrophysics Data System}
}


@ARTICLE{Libbrecht-1989-ApJ,
       author = {{Libbrecht}, K.~G.},
        title = "{Solar p-Mode Frequency Splittings}",
      journal = {\apj},
     keywords = {Convection Currents, Helioseismology, Solar Activity Effects, Solar Oscillations, Computerized Simulation, Elastic Waves, Period Doubling, Solar Interior, Solar Rotation, Solar Physics, SUN: OSCILLATIONS, SUN: ROTATION},
         year = 1989,
        month = jan,
       volume = {336},
        pages = {1092},
          doi = {10.1086/167079},
       adsurl = {https://ui.adsabs.harvard.edu/abs/1989ApJ...336.1092L},
      adsnote = {Provided by the SAO/NASA Astrophysics Data System}
}


@ARTICLE{Lin-2018-ApJ,
       author = {{Lin}, Chia-Hsien and {Chou}, Dean-Yi},
        title = "{Solar-cycle Variations of Meridional Flows in the Solar Convection Zone Using Helioseismic Methods}",
      journal = {\apj},
     keywords = {Sun: activity, Sun: evolution, Sun: helioseismology, Sun: interior, Sun: magnetic fields, Sun: oscillations},
         year = 2018,
        month = jun,
       volume = {860},
       number = {1},
          eid = {48},
        pages = {48},
          doi = {10.3847/1538-4357/aac026},
       adsurl = {https://ui.adsabs.harvard.edu/abs/2018ApJ...860...48L},
      adsnote = {Provided by the SAO/NASA Astrophysics Data System}
}


@ARTICLE{Lopresto-1991-ApJ,
       author = {{Lopresto}, James C. and {Schrader}, Charles and {Pierce}, A.~K.},
        title = "{Solar Gravitational Redshift from the Infrared Oxygen Triplet}",
      journal = {\apj},
     keywords = {Gravitational Effects, Red Shift, Relativity, Solar Spectra, Chromosphere, Infrared Spectra, Oxygen Spectra, Solar Gravitation, Solar Physics, GRAVITATION, INFRARED: SPECTRA, RELATIVITY, SUN: SPECTRA},
         year = 1991,
        month = aug,
       volume = {376},
        pages = {757},
          doi = {10.1086/170323},
       adsurl = {https://ui.adsabs.harvard.edu/abs/1991ApJ...376..757L},
      adsnote = {Provided by the SAO/NASA Astrophysics Data System}
}


@ARTICLE{Mandal-2018-ApJ,
       author = {{Mandal}, K. and {Hanasoge}, S.~M. and {Rajaguru}, S.~P. and {Antia}, H.~M.},
        title = "{Helioseismic Inversion to Infer the Depth Profile of Solar Meridional Flow Using Spherical Born Kernels}",
      journal = {\apj},
     keywords = {methods: numerical, Sun: helioseismology, Sun: interior, Sun: oscillations, waves, Astrophysics - Solar and Stellar Astrophysics},
         year = 2018,
        month = aug,
       volume = {863},
       number = {1},
          eid = {39},
        pages = {39},
          doi = {10.3847/1538-4357/aacea2},
archivePrefix = {arXiv},
       eprint = {1807.00314},
 primaryClass = {astro-ph.SR},
       adsurl = {https://ui.adsabs.harvard.edu/abs/2018ApJ...863...39M},
      adsnote = {Provided by the SAO/NASA Astrophysics Data System}
}


@ARTICLE{Mandal-2020-ApJ,
       author = {{Mandal}, Krishnendu and {Hanasoge}, Shravan},
        title = "{Properties of Solar Rossby Waves from Normal Mode Coupling and Characterizing Its Systematics}",
      journal = {\apj},
     keywords = {Helioseismology, Astronomical techniques, Internal waves, Solar photosphere, Solar interior, Observational astronomy, 709, 1684, 819, 1518, 1500, 1145, Astrophysics - Solar and Stellar Astrophysics},
         year = 2020,
        month = mar,
       volume = {891},
       number = {2},
          eid = {125},
        pages = {125},
          doi = {10.3847/1538-4357/ab7227},
archivePrefix = {arXiv},
       eprint = {1908.05890},
 primaryClass = {astro-ph.SR},
       adsurl = {https://ui.adsabs.harvard.edu/abs/2020ApJ...891..125M},
      adsnote = {Provided by the SAO/NASA Astrophysics Data System}
}


@ARTICLE{MDI-1995-SoPh,
       author = {{Scherrer}, P.~H. and {Bogart}, R.~S. and {Bush}, R.~I. and {Hoeksema}, J.~T. and {Kosovichev}, A.~G. and {Schou}, J. and {Rosenberg}, W. and {Springer}, L. and {Tarbell}, T.~D. and {Title}, A. and {Wolfson}, C.~J. and {Zayer}, I. and {MDI Engineering Team}},
        title = "{The Solar Oscillations Investigation - Michelson Doppler Imager}",
      journal = {\solphys},
         year = 1995,
        month = dec,
       volume = {162},
       number = {1-2},
        pages = {129-188},
          doi = {10.1007/BF00733429},
       adsurl = {https://ui.adsabs.harvard.edu/abs/1995SoPh..162..129S},
      adsnote = {Provided by the SAO/NASA Astrophysics Data System}
}


@article{Mdzinarishvili-2020-ASR,
title = "Determination of the solar rotation parameters via orthogonal polynomials",
journal = "Advances in Space Research",
volume = "65",
number = "7",
pages = "1843 - 1851",
year = "2020",
issn = "0273-1177",
doi = "https://doi.org/10.1016/j.asr.2020.01.015",
url = "http://www.sciencedirect.com/science/article/pii/S0273117720300338",
author = "T.G. Mdzinarishvili and B.M. Shergelashvili and D.R. Japaridze and B.B. Chargeishvili and A.G. Kosovichev and S. Poedts",
keywords = "Statistical data analysis, Solar rotation, Solar coronal holes",
abstract = "Accurate measurements of the solar differential rotation parameters are necessary for understanding the solar dynamo mechanism. We use the orthogonalization process to estimate these parameters. The advantage of the orthogonalization of the data in the tracer motion statistical analysis is outlined. The differential rotation is represented in terms of various types of polynomials. We compare the quality of a set of models of the solar differential rotation using the Akaike information criterion and choose the best one. Applying the proposed method, we studied the solar differential rotation and its North-South asymmetry using observations of coronal holes. A statistical analysis of observations from the Atmospheric Imaging Assembly (AIA) on Solar Dynamics Observatory (SDO) reveals the differential rotation pattern of coronal holes and its North-South asymmetry."
}


@article{Metropolis-Ulam-1949-JAmStatA,
 ISSN = {01621459},
 URL = {http://www.jstor.org/stable/2280232},
 abstract = {We shall present here the motivation and a general description of a method dealing with a class of problems in mathematical physics. The method is, essentially, a statistical approach to the study of differential equations, or more generally, of integro-differential equations that occur in various branches of the natural sciences.},
 author = {Nicholas Metropolis and S. Ulam},
 journal = {Journal of the American Statistical Association},
 number = {247},
 pages = {335--341},
 publisher = {[American Statistical Association, Taylor & Francis, Ltd.]},
 title = {The Monte Carlo Method},
 volume = {44},
 year = {1949}
}


@ARTICLE{Metropolis-1953-JCP,
       author = {{Metropolis}, Nicholas and {Rosenbluth}, Arianna W. and {Rosenbluth}, Marshall N. and {Teller}, Augusta H. and {Teller}, Edward},
        title = "{Equation of State Calculations by Fast Computing Machines}",
      journal = {\jcp},
         year = 1953,
        month = jun,
       volume = {21},
       number = {6},
        pages = {1087-1092},
          doi = {10.1063/1.1699114},
       adsurl = {https://ui.adsabs.harvard.edu/abs/1953JChPh..21.1087M},
      adsnote = {Provided by the SAO/NASA Astrophysics Data System}
}


@ARTICLE{Miesch-2005-LRSP,
       author = {{Miesch}, Mark S.},
        title = "{Large-Scale Dynamics of the Convection Zone and Tachocline}",
      journal = {Living Reviews in Solar Physics},
     keywords = {Solar Interior},
         year = 2005,
        month = dec,
       volume = {2},
       number = {1},
          eid = {1},
        pages = {1},
          doi = {10.12942/lrsp-2005-1},
       adsurl = {https://ui.adsabs.harvard.edu/abs/2005LRSP....2....1M},
      adsnote = {Provided by the SAO/NASA Astrophysics Data System}
}


@article{Moin-Mahesh-1998-AnnRevFM,
       author = {Moin, Parviz and Mahesh, Krishnan},
        title = {DIRECT NUMERICAL SIMULATION: A Tool in Turbulence Research},
      journal = {Annual Review of Fluid Mechanics},
       volume = {30},
       number = {1},
        pages = {539-578},
         year = {1998},
          doi = {10.1146/annurev.fluid.30.1.539},
          URL = {https://doi.org/10.1146/annurev.fluid.30.1.539},
       eprint = {https://doi.org/10.1146/annurev.fluid.30.1.539},
     abstract = {We review the direct numerical simulation (DNS) of turbulent flows. We stress that DNS is a research tool, and not a brute-force solution to the Navier-Stokes equations for engineering problems. The wide range of scales in turbulent flows requires that care be taken in their numerical solution. We discuss related numerical issues such as boundary conditions and spatial and temporal discretization. Significant insight into turbulence physics has been gained from DNS of certain idealized flows that cannot be easily attained in the laboratory. We discuss some examples. Further, we illustrate the complementary nature of experiments and computations in turbulence research. Examples are provided where DNS data has been used to evaluate measurement accuracy. Finally, we consider how DNS has impacted turbulence modeling and provided further insight into the structure of turbulent boundary layers. }
}


@ARTICLE{Muller-1992-Natur,
       author = {{Muller}, Richard and {Auffret}, Herve and {Roudier}, Thierry and {Vigneau}, Jean and {Simon}, George W. and {Frank}, Zoe and {Shine}, Richard A. and {Title}, Alan M.},
        title = "{Evolution and advection of solar mesogranulation}",
      journal = {\nat},
     keywords = {Advection, Solar Granulation, Solar Physics, Convection Cells, Solar Magnetic Field, Astrophysics},
         year = 1992,
        month = mar,
       volume = {356},
       number = {6367},
        pages = {322-325},
          doi = {10.1038/356322a0},
       adsurl = {https://ui.adsabs.harvard.edu/abs/1992Natur.356..322M},
      adsnote = {Provided by the SAO/NASA Astrophysics Data System}
}


@ARTICLE{Niemela-2001-JFM,
       author = {{Niemela}, J.~J. and {Skrbek}, L. and {Sreenivasan}, K.~R. and {Donnelly}, R.~J.},
        title = "{The wind in confined thermal convection}",
      journal = {Journal of Fluid Mechanics},
         year = 2001,
        month = dec,
       volume = {449},
       number = {1},
        pages = {169-178},
          doi = {10.1017/S0022112001006310},
       adsurl = {https://ui.adsabs.harvard.edu/abs/2001JFM...449..169N},
      adsnote = {Provided by the SAO/NASA Astrophysics Data System}
}


@ARTICLE{Nordlund-2009-LRSP,
       author = {{Nordlund}, {\r{A}}ke and {Stein}, Robert F. and {Asplund}, Martin},
        title = "{Solar Surface Convection}",
      journal = {Living Reviews in Solar Physics},
     keywords = {solar physics, convection, granulation, mesogranulation, supergranulation},
         year = 2009,
        month = apr,
       volume = {6},
       number = {1},
          eid = {2},
        pages = {2},
          doi = {10.12942/lrsp-2009-2},
       adsurl = {https://ui.adsabs.harvard.edu/abs/2009LRSP....6....2N},
      adsnote = {Provided by the SAO/NASA Astrophysics Data System}
}


@ARTICLE{November-1981-ApJL,
       author = {{November}, L.~J. and {Toomre}, J. and {Gebbie}, K.~B. and {Simon}, G.~W.},
        title = "{The detection of mesogranulation on the sun.}",
      journal = {\apjl},
     keywords = {Convective Flow, Solar Atmosphere, Solar Granulation, Solar Physics, Vertical Motion, Velocity Distribution, Velocity Measurement, Solar Physics},
         year = 1981,
        month = may,
       volume = {245},
        pages = {L123-L126},
          doi = {10.1086/183539},
       adsurl = {https://ui.adsabs.harvard.edu/abs/1981ApJ...245L.123N},
      adsnote = {Provided by the SAO/NASA Astrophysics Data System}
}


@ARTICLE{November-Simon-1988-ApJ,
       author = {{November}, Laurence J. and {Simon}, George W.},
        title = "{Precise Proper-Motion Measurement of Solar Granulation}",
      journal = {\apj},
     keywords = {Cross Correlation, Solar Atmosphere, Solar Granulation, Power Spectra, Random Noise, Spatial Resolution, Tracers, Solar Physics, SUN: ATMOSPHERIC MOTIONS, SUN: GRANULATION},
         year = 1988,
        month = oct,
       volume = {333},
        pages = {427},
          doi = {10.1086/166758},
       adsurl = {https://ui.adsabs.harvard.edu/abs/1988ApJ...333..427N},
      adsnote = {Provided by the SAO/NASA Astrophysics Data System}
}


@ARTICLE{Orszag-1970-JFM,
       author = {{Orszag}, S.~A.},
        title = "{Analytical theories of turbulence}",
      journal = {Journal of Fluid Mechanics},
         year = 1970,
        month = jan,
       volume = {41},
        pages = {363-386},
          doi = {10.1017/S0022112070000642},
       adsurl = {https://ui.adsabs.harvard.edu/abs/1970JFM....41..363O},
      adsnote = {Provided by the SAO/NASA Astrophysics Data System}
}


@ARTICLE{Ozguc-2003-SoPh,
       author = {{{\"O}zg{\"u}{\c{c}}}, Atila and {Ata{\c{c}}}, Tamer and {Ryb{\'a}k}, J{\'a}n},
        title = "{Temporal variability of the flare index (1966-2001)}",
      journal = {\solphys},
         year = 2003,
        month = jun,
       volume = {214},
       number = {2},
        pages = {375-396},
          doi = {10.1023/A:1024225802080},
       adsurl = {https://ui.adsabs.harvard.edu/abs/2003SoPh..214..375O},
      adsnote = {Provided by the SAO/NASA Astrophysics Data System}
}


@ARTICLE{Parker-1955-ApJ,
       author = {{Parker}, Eugene N.},
        title = "{Hydromagnetic Dynamo Models.}",
      journal = {\apj},
         year = 1955,
        month = sep,
       volume = {122},
        pages = {293},
          doi = {10.1086/146087},
       adsurl = {https://ui.adsabs.harvard.edu/abs/1955ApJ...122..293P},
      adsnote = {Provided by the SAO/NASA Astrophysics Data System}
}


@article{Pijpers-Thompson-1994,
	Adsnote = {Provided by the SAO/NASA Astrophysics Data System},
	Adsurl = {http://adsabs.harvard.edu/abs/1994A%26A...281..231P},
	Author = {{Pijpers}, F.~P. and {Thompson}, M.~J.},
	Date-Added = {2017-12-06 10:07:37 +0000},
	Date-Modified = {2017-12-06 10:07:48 +0000},
	Journal = {\aap},
	Keywords = {Helioseismology, Solar Interior, Solar Oscillations, Solar Rotation, Gauss Equation, Numerical Analysis},
	Month = jan,
	Pages = {231-240},
	Title = {{The SOLA method for helioseismic inversion}},
	Volume = 281,
	Year = 1994
}


@ARTICLE{Pijpers-1998-MNRAS,
       author = {{Pijpers}, Frank P.},
        title = "{Helioseismic determination of the solar gravitational quadrupole moment}",
      journal = {\mnras},
     keywords = {RELATIVITY, SUN: ROTATION, Astrophysics},
         year = 1998,
        month = jul,
       volume = {297},
       number = {3},
        pages = {L76-L80},
          doi = {10.1046/j.1365-8711.1998.01801.x},
archivePrefix = {arXiv},
       eprint = {astro-ph/9804258},
 primaryClass = {astro-ph},
       adsurl = {https://ui.adsabs.harvard.edu/abs/1998MNRAS.297L..76P},
      adsnote = {Provided by the SAO/NASA Astrophysics Data System}
}


@ARTICLE{Rajaguru-2015-ApJ,
       author = {{Rajaguru}, S.~P. and {Antia}, H.~M.},
        title = "{Meridional Circulation in the Solar Convection Zone: Time-Distance Helioseismic Inferences from Four Years of HMI/SDO Observations}",
      journal = {\apj},
     keywords = {Sun: helioseismology, Sun: interior, Sun: oscillations, Astrophysics - Solar and Stellar Astrophysics},
         year = 2015,
        month = nov,
       volume = {813},
       number = {2},
          eid = {114},
        pages = {114},
          doi = {10.1088/0004-637X/813/2/114},
archivePrefix = {arXiv},
       eprint = {1510.01843},
 primaryClass = {astro-ph.SR},
       adsurl = {https://ui.adsabs.harvard.edu/abs/2015ApJ...813..114R},
      adsnote = {Provided by the SAO/NASA Astrophysics Data System}
}


@INPROCEEDINGS{Rajaguru-2020-ASSP,
       author = {{Rajaguru}, S.~P. and {Antia}, H.~M.},
        title = "{Time-Distance Helioseismology of Deep Meridional Circulation}",
     keywords = {Astrophysics - Solar and Stellar Astrophysics},
    booktitle = {Dynamics of the Sun and Stars; Honoring the Life and Work of Michael J. Thompson},
         year = 2020,
       editor = {{Monteiro}, M{\'a}rio J.~P.~F.~G. and {Garc{\'\i}a}, Rafael A. and {Christensen-Dalsgaard}, J{\o}rgen and {McIntosh}, Scott W.},
       series = {Astrophysics and Space Science Proceedings},
       volume = {57},
        month = jan,
        pages = {107-113},
          doi = {10.1007/978-3-030-55336-4\_11},
archivePrefix = {arXiv},
       eprint = {2004.12708},
 primaryClass = {astro-ph.SR},
       adsurl = {https://ui.adsabs.harvard.edu/abs/2020ASSP...57..107R},
      adsnote = {Provided by the SAO/NASA Astrophysics Data System}
}


@ARTICLE{Rhodes-1997-SoPh,
       author = {{Rhodes}, E.~J., Jr. and {Kosovichev}, A.~G. and {Schou}, J. and {Scherrer}, P.~H. and {Reiter}, J.},
        title = "{Measurements of Frequencies of Solar Oscillations from the MDI Medium-l Program}",
      journal = {\solphys},
         year = 1997,
        month = oct,
       volume = {175},
       number = {2},
        pages = {287-310},
          doi = {10.1023/A:1004963425123},
       adsurl = {https://ui.adsabs.harvard.edu/abs/1997SoPh..175..287R},
      adsnote = {Provided by the SAO/NASA Astrophysics Data System}
}


@article{Roth-Stix-1999-AAP,
	Adsnote = {Provided by the SAO/NASA Astrophysics Data System},
	Adsurl = {http://adsabs.harvard.edu/abs/1999A%26A...351.1133R},
	Author = {{Roth}, M. and {Stix}, M.},
	Date-Added = {2018-12-22 16:56:39 +0000},
	Date-Modified = {2018-12-22 16:56:46 +0000},
	Journal = {\aap},
	Keywords = {CONVECTION, SUN: INTERIOR, SUN: OSCILLATIONS},
	Month = nov,
	Pages = {1133-1138},
	Title = {{Coupling of solar p modes: quasi-degenerate perturbation theory}},
	Volume = 351,
	Year = 1999
}


@ARTICLE{Rast-2003-ApJ,
       author = {{Rast}, Mark Peter},
        title = "{The Scales of Granulation, Mesogranulation, and Supergranulation}",
      journal = {\apj},
     keywords = {Convection, Hydrodynamics, Sun: Granulation, Sun: Photosphere},
         year = 2003,
        month = nov,
       volume = {597},
       number = {2},
        pages = {1200-1210},
          doi = {10.1086/381221},
       adsurl = {https://ui.adsabs.harvard.edu/abs/2003ApJ...597.1200R},
      adsnote = {Provided by the SAO/NASA Astrophysics Data System}
}


@ARTICLE{Rast-2008-ApJ,
       author = {{Rast}, Mark P. and {Ortiz}, Ada and {Meisner}, Randle W.},
        title = "{Latitudinal Variation of the Solar Photospheric Intensity}",
      journal = {\apj},
     keywords = {Sun: activity, Sun: faculae, plages, Sun: magnetic fields, Sun: photosphere, Sun: rotation, Astrophysics},
         year = 2008,
        month = feb,
       volume = {673},
       number = {2},
        pages = {1209-1217},
          doi = {10.1086/524655},
archivePrefix = {arXiv},
       eprint = {0710.3121},
 primaryClass = {astro-ph},
       adsurl = {https://ui.adsabs.harvard.edu/abs/2008ApJ...673.1209R},
      adsnote = {Provided by the SAO/NASA Astrophysics Data System}
}


@ARTICLE{Richardson-Schwarzschild-1950-ApJ,
       author = {{Richardson}, R.~S. and {Schwarzschild}, M.},
        title = "{On the Turbulent Velocities of Solar Granules.}",
      journal = {\apj},
         year = 1950,
        month = mar,
       volume = {111},
        pages = {351},
          doi = {10.1086/145269},
       adsurl = {https://ui.adsabs.harvard.edu/abs/1950ApJ...111..351R},
      adsnote = {Provided by the SAO/NASA Astrophysics Data System}
}


@ARTICLE{Rieutord-2001-AAP,
       author = {{Rieutord}, M. and {Roudier}, T. and {Ludwig}, H. -G. and
         {Nordlund}, {\r{A}}. and {Stein}, R.},
        title = "{Are granules good tracers of solar surface velocity fields?}",
      journal = {\aap},
     keywords = {CONVECTION, SUN: GRANULATION, SUN: PHOTOSPHERE, Astrophysics},
         year = 2001,
        month = oct,
       volume = {377},
        pages = {L14-L17},
          doi = {10.1051/0004-6361:20011160},
archivePrefix = {arXiv},
       eprint = {astro-ph/0108284},
 primaryClass = {astro-ph},
       adsurl = {https://ui.adsabs.harvard.edu/abs/2001A&A...377L..14R},
      adsnote = {Provided by the SAO/NASA Astrophysics Data System}
}


@ARTICLE{Rieutord-2010-AAP,
       author = {{Rieutord}, M. and {Roudier}, T. and {Rincon}, F. and
         {Malherbe}, J. -M. and {Meunier}, N. and {Berger}, T. and {Frank}, Z.},
        title = "{On the power spectrum of solar surface flows}",
      journal = {\aap},
     keywords = {convection, turbulence, sun: photosphere, Astrophysics - Solar and Stellar Astrophysics},
         year = 2010,
        month = mar,
       volume = {512},
          eid = {A4},
        pages = {A4},
          doi = {10.1051/0004-6361/200913303},
archivePrefix = {arXiv},
       eprint = {0911.3319},
 primaryClass = {astro-ph.SR},
       adsurl = {https://ui.adsabs.harvard.edu/abs/2010A&A...512A...4R},
      adsnote = {Provided by the SAO/NASA Astrophysics Data System}
}


@ARTICLE{Rincon-2005-AAP,
       author = {{Rincon}, F. and {Ligni{\`e}res}, F. and {Rieutord}, M.},
        title = "{Mesoscale flows in large aspect ratio simulations of turbulent compressible convection}",
      journal = {\aap},
     keywords = {Sun: granulation, convection, turbulence, Astrophysics},
         year = 2005,
        month = jan,
       volume = {430},
        pages = {L57-L60},
          doi = {10.1051/0004-6361:200400130},
archivePrefix = {arXiv},
       eprint = {astro-ph/0611843},
 primaryClass = {astro-ph},
       adsurl = {https://ui.adsabs.harvard.edu/abs/2005A&A...430L..57R},
      adsnote = {Provided by the SAO/NASA Astrophysics Data System}
}


@INPROCEEDINGS{Rincon-2007-Book,
       author = {{Rincon}, Fran{\c{c}}ois},
        title = "{Theories of convection and the spectrum of turbulence in the solar photosphere}",
     keywords = {Astrophysics},
    booktitle = {Convection in Astrophysics},
         year = 2007,
       editor = {{Kupka}, Friedrich and {Roxburgh}, Ian and {Chan}, Kwing Lam},
       volume = {239},
        month = may,
        pages = {58-63},
          doi = {10.1017/S1743921307000117},
archivePrefix = {arXiv},
       eprint = {astro-ph/0611842},
 primaryClass = {astro-ph},
       adsurl = {https://ui.adsabs.harvard.edu/abs/2007IAUS..239...58R},
      adsnote = {Provided by the SAO/NASA Astrophysics Data System}
}


@ARTICLE{Rincon-2017-AAP,
       author = {{Rincon}, F. and {Roudier}, T. and {Schekochihin}, A.~A. and {Rieutord}, M.},
        title = "{Supergranulation and multiscale flows in the solar photosphere. Global observations vs. a theory of anisotropic turbulent convection}",
      journal = {\aap},
     keywords = {Sun: photosphere, Sun: interior, convection, turbulence, instabilities, Astrophysics - Solar and Stellar Astrophysics, Physics - Fluid Dynamics},
         year = 2017,
        month = mar,
       volume = {599},
          eid = {A69},
        pages = {A69},
          doi = {10.1051/0004-6361/201629747},
archivePrefix = {arXiv},
       eprint = {1609.05785},
 primaryClass = {astro-ph.SR},
       adsurl = {https://ui.adsabs.harvard.edu/abs/2017A&A...599A..69R},
      adsnote = {Provided by the SAO/NASA Astrophysics Data System}
}


@article{Ritzwoller-Lavely-1991-ApJ,
	Adsnote = {Provided by the SAO/NASA Astrophysics Data System},
	Adsurl = {http://adsabs.harvard.edu/abs/1991ApJ...369..557R},
	Author = {{Ritzwoller}, M.~H. and {Lavely}, E.~M.},
	Date-Added = {2015-11-23 04:00:38 +0000},
	Date-Modified = {2015-11-23 04:00:45 +0000},
	Doi = {10.1086/169785},
	Journal = {\apj},
	Keywords = {Clebsch-Gordan Coefficients, Helioseismology, Solar Oscillations, Solar Rotation, Angular Momentum, Perturbation Theory, Spherical Harmonics, Stellar Models},
	Month = mar,
	Pages = {557-566},
	Title = {{A unified approach to the helioseismic forward and inverse problems of differential rotation}},
	Volume = 369,
	Year = 1991,
	Bdsk-Url-1 = {http://dx.doi.org/10.1086/169785}
}


@ARTICLE{Roudier-2012-AAP,
       author = {{Roudier}, Th. and {Rieutord}, M. and {Malherbe}, J.~M. and {Renon}, N. and {Berger}, T. and {Frank}, Z. and {Prat}, V. and {Gizon}, L. and {{\v{S}}vanda}, M.},
        title = "{Quasi full-disk maps of solar horizontal velocities using SDO/HMI data}",
      journal = {\aap},
     keywords = {Sun: granulation, Sun: rotation, Sun: general, Astrophysics - Solar and Stellar Astrophysics, Astrophysics - Instrumentation and Methods for Astrophysics},
         year = 2012,
        month = apr,
       volume = {540},
          eid = {A88},
        pages = {A88},
          doi = {10.1051/0004-6361/201118678},
archivePrefix = {arXiv},
       eprint = {1203.0514},
 primaryClass = {astro-ph.SR},
       adsurl = {https://ui.adsabs.harvard.edu/abs/2012A&A...540A..88R},
      adsnote = {Provided by the SAO/NASA Astrophysics Data System}
}


@ARTICLE{Saha-Williams-1994-ApJ,
       author = {{Saha}, P. and {Williams}, T.~B.},
        title = "{Unfolding Kinematics From Galaxy Spectra: A Baysian Method}",
      journal = {\aj},
     keywords = {Absorption Spectra, Astronomical Models, Bayes Theorem, Elliptical Galaxies, Line Spectra, Statistical Analysis, Variable Mass Systems, Charge Coupled Devices, Line Of Sight, Stellar Spectra, Velocity Distribution, Astrophysics, GALAXIES: KINEMATICS AND DYNAMICS, GALAXIES: EVOLUTION},
         year = 1994,
        month = apr,
       volume = {107},
        pages = {1295},
          doi = {10.1086/116942},
       adsurl = {https://ui.adsabs.harvard.edu/abs/1994AJ....107.1295S},
      adsnote = {Provided by the SAO/NASA Astrophysics Data System}
}


@ARTICLE{Sambridge-2002-RoG,
       author = {{Sambridge}, Malcolm and {Mosegaard}, Klaus},
        title = "{Monte Carlo Methods in Geophysical Inverse Problems}",
      journal = {Reviews of Geophysics},
     keywords = {Mathematical Geophysics: Inverse theory, History of Geophysics: Instruments and techniques, Exploration Geophysics: Computational methods, seismic, Seismology: Instruments and techniques, Monte Carlo nonlinear inversion numerical techniques},
         year = 2002,
        month = sep,
       volume = {40},
       number = {3},
          eid = {1009},
        pages = {1009},
          doi = {10.1029/2000RG000089},
       adsurl = {https://ui.adsabs.harvard.edu/abs/2002RvGeo..40.1009S},
      adsnote = {Provided by the SAO/NASA Astrophysics Data System}
}


@ARTICLE{SBD-2020-ApJ,
       author = {{Das}, Srijan Bharati and {Chakraborty}, Tuneer and {Hanasoge}, Shravan M. and {Tromp}, Jeroen},
        title = "{Sensitivity Kernels for Inferring Lorentz Stresses from Normal-mode Frequency Splittings in the Sun}",
      journal = {\apj},
     keywords = {709, 1476, 1503, 73, 1500, 1964, Astrophysics - Solar and Stellar Astrophysics},
         year = 2020,
        month = jul,
       volume = {897},
       number = {1},
          eid = {38},
        pages = {38},
          doi = {10.3847/1538-4357/ab8e3a},
archivePrefix = {arXiv},
       eprint = {2004.14536},
 primaryClass = {astro-ph.SR},
       adsurl = {https://ui.adsabs.harvard.edu/abs/2020ApJ...897...38D},
      adsnote = {Provided by the SAO/NASA Astrophysics Data System}
}


@ARTICLE{SBD-2022-ApJ,
       author = {{Das}, Srijan Bharati and {Kashyap}, Samarth G and {Oktay}, Deniz and 
                 {Hanasoge}, Shravan M. and {Tromp}, Jeroen},
        title = "{Inference of near-surface solar internal rotation using mode-coupling}",
      journal = {\apj},
     keywords = {Helioseismology, Solar oscillations, Solar differential rotation, 709, 1515, 1996, Astrophysics - Solar and Stellar Astrophysics},
         year = 2022,
          doi = {10.3847/1538-4357/ab8e3a},
archivePrefix = {arXiv},
       eprint = {2004.14536},
 primaryClass = {astro-ph.SR},
       adsurl = {https://ui.adsabs.harvard.edu/abs/2020ApJ...897...38D},
      adsnote = {Provided by the SAO/NASA Astrophysics Data System}
}


@ARTICLE{Schad-2011-ApJ,
       author = {{Schad}, A. and {Timmer}, J. and {Roth}, M.},
        title = "{A Unified Approach to the Helioseismic Inversion Problem of the Solar Meridional Flow from Global Oscillations}",
      journal = {\apj},
     keywords = {methods: analytical, Sun: helioseismology, Sun: interior, Sun: oscillations},
         year = 2011,
        month = jun,
       volume = {734},
       number = {2},
          eid = {97},
        pages = {97},
          doi = {10.1088/0004-637X/734/2/97},
       adsurl = {https://ui.adsabs.harvard.edu/abs/2011ApJ...734...97S},
      adsnote = {Provided by the SAO/NASA Astrophysics Data System}
}


@ARTICLE{Schad-2012-AN,
       author = {{Schad}, A. and {Timmer}, J. and {Roth}, M.},
        title = "{Measuring the solar meridional flow from perturbations of eigenfunctions of global oscillations}",
      journal = {Astronomische Nachrichten},
     keywords = {methods: analytical, methods: data analysis, Sun: helioseismology, Sun: oscillations},
         year = 2012,
        month = dec,
       volume = {333},
       number = {10},
        pages = {991},
          doi = {10.1002/asna.201211815},
       adsurl = {https://ui.adsabs.harvard.edu/abs/2012AN....333..991S},
      adsnote = {Provided by the SAO/NASA Astrophysics Data System}
}


@ARTICLE{Schad-2013-ApJL,
       author = {{Schad}, A. and {Timmer}, J. and {Roth}, M.},
        title = "{Global Helioseismic Evidence for a Deeply Penetrating Solar Meridional Flow Consisting of Multiple Flow Cells}",
      journal = {\apjl},
     keywords = {methods: data analysis, Sun: helioseismology, Sun: interior, Sun: oscillations, Astrophysics - Solar and Stellar Astrophysics, Astrophysics - Earth and Planetary Astrophysics},
         year = 2013,
        month = dec,
       volume = {778},
       number = {2},
          eid = {L38},
        pages = {L38},
          doi = {10.1088/2041-8205/778/2/L38},
archivePrefix = {arXiv},
       eprint = {1311.7623},
 primaryClass = {astro-ph.SR},
       adsurl = {https://ui.adsabs.harvard.edu/abs/2013ApJ...778L..38S},
      adsnote = {Provided by the SAO/NASA Astrophysics Data System}
}


@article{Schad-2017-ApJ,
	Adsnote = {Provided by the SAO/NASA Astrophysics Data System},
	Adsurl = {http://adsabs.harvard.edu/abs/2011ApJ...734...97S},
	Author = {{Schad}, A. and {Timmer}, J. and {Roth}, M.},
	Date-Added = {2017-07-21 09:56:04 +0000},
	Date-Modified = {2017-07-21 09:56:10 +0000},
	Doi = {10.1088/0004-637X/734/2/97},
	Eid = {97},
	Journal = {\apj},
	Keywords = {methods: analytical, Sun: helioseismology, Sun: interior, Sun: oscillations},
	Month = jun,
	Pages = {97},
	Title = {{A Unified Approach to the Helioseismic Inversion Problem of the Solar Meridional Flow from Global Oscillations}},
	Volume = 734,
	Year = 2011,
	Bdsk-Url-1 = {http://dx.doi.org/10.1088/0004-637X/734/2/97}
}


@ARTICLE{Schad-Roth-2020-ApJ,
       author = {{Schad}, Ariane and {Roth}, Markus},
        title = "{Inference of Solar Rotation from Perturbations of Acoustic Mode Eigenfunctions}",
      journal = {\apj},
     keywords = {1476, 709, 1500, 1524, 1858, 1980, 1874, Astrophysics - Solar and Stellar Astrophysics},
         year = 2020,
        month = feb,
       volume = {890},
       number = {1},
          eid = {32},
        pages = {32},
          doi = {10.3847/1538-4357/ab65ec},
archivePrefix = {arXiv},
       eprint = {2002.06114},
 primaryClass = {astro-ph.SR},
       adsurl = {https://ui.adsabs.harvard.edu/abs/2020ApJ...890...32S},
      adsnote = {Provided by the SAO/NASA Astrophysics Data System}
}


@ARTICLE{Scherrer-1995-SoPh,
       author = {{Scherrer}, P.~H. and {Bogart}, R.~S. and {Bush}, R.~I. and {Hoeksema}, J.~T. and {Kosovichev}, A.~G. and {Schou}, J. and {Rosenberg}, W. and {Springer}, L. and {Tarbell}, T.~D. and {Title}, A. and {Wolfson}, C.~J. and {Zayer}, I. and {MDI Engineering Team}},
        title = "{The Solar Oscillations Investigation - Michelson Doppler Imager}",
      journal = {\solphys},
         year = 1995,
        month = dec,
       volume = {162},
       number = {1-2},
        pages = {129-188},
          doi = {10.1007/BF00733429},
       adsurl = {https://ui.adsabs.harvard.edu/abs/1995SoPh..162..129S},
      adsnote = {Provided by the SAO/NASA Astrophysics Data System}
}


@phdthesis{Schou-1992-PhD,
	Adsnote = {Provided by the SAO/NASA Astrophysics Data System},
	Adsurl = {http://adsabs.harvard.edu/abs/1992PhDT.......380S},
	Author = {{Schou}, J.},
	Date-Added = {2017-12-21 06:03:31 +0000},
	Date-Modified = {2017-12-21 06:03:38 +0000},
	School = {, Aarhus University, Aarhus, Denmark, (1992)},
	Title = {{On the Analysis of Helioseismic Data}},
	Year = 1992
}


@article{Schou-1994-ApJ,
   author = {{Schou}, J. and {Christensen-Dalsgaard}, J. and {Thompson}, M.~J.},
    title = "{On Comparing Helioseismic Two-dimensional Inversion Methods}",
  journal = {\apj},
 keywords = {Helioseismology, Inversions, Solar Interior, Solar Oscillations, Solar Rotation, Stellar Models, Two Dimensional Models, Least Squares Method, Mathematical Models, Solar Physics, SUN: INTERIOR, SUN: OSCILLATIONS, SUN: ROTATION},
     year = 1994,
    month = sep,
   volume = {433},
    pages = {389},
      doi = {10.1086/174653},
   adsurl = {https://ui.adsabs.harvard.edu/abs/1994ApJ...433..389S},
  adsnote = {Provided by the SAO/NASA Astrophysics Data System}
}


@article{Schou-1994-AAPS,
	Adsnote = {Provided by the SAO/NASA Astrophysics Data System},
	Adsurl = {http://adsabs.harvard.edu/abs/1994A%26AS..107..541S},
	Author = {{Schou}, J. and {Brown}, T.~M.},
	Date-Added = {2017-07-21 10:17:00 +0000},
	Date-Modified = {2017-07-21 10:17:09 +0000},
	Journal = {\aaps},
	Keywords = {METHODS: DATA ANALYSIS, SUN: OSCILLATIONS},
	Month = nov,
	Title = {{Generation of artificial helioseismic time-series.}},
	Pages = {541-550},
	Volume = 107,
	Year = 1994
}


@article{Schou-1998-ApJ,
	Adsnote = {Provided by the SAO/NASA Astrophysics Data System},
	Adsurl = {http://adsabs.harvard.edu/abs/1998ApJ...505..390S},
	Author = {{Schou}, J. and {Antia}, H.~M. and {Basu}, S. and {Bogart}, R.~S. and {Bush}, R.~I. and {Chitre}, S.~M. and {Christensen-Dalsgaard}, J. and {di Mauro}, M.~P. and {Dziembowski}, W.~A. and {Eff-Darwich}, A. and {Gough}, D.~O. and {Haber}, D.~A. and {Hoeksema}, J.~T. and {Howe}, R. and {Korzennik}, S.~G. and {Kosovichev}, A.~G. and {Larsen}, R.~M. and {Pijpers}, F.~P. and {Scherrer}, P.~H. and {Sekii}, T. and {Tarbell}, T.~D. and {Title}, A.~M. and {Thompson}, M.~J. and {Toomre}, J.},
	Date-Added = {2013-08-16 16:10:17 +0000},
	Date-Modified = {2013-08-16 16:10:24 +0000},
	Doi = {10.1086/306146},
	Journal = {\apj},
	Keywords = {CONVECTION, SUN: INTERIOR, SUN: OSCILLATIONS, SUN: ROTATION},
	Month = sep,
	Pages = {390-417},
	Title = {{Helioseismic Studies of Differential Rotation in the Solar Envelope by the Solar Oscillations Investigation Using the Michelson Doppler Imager}},
	Volume = 505,
	Year = 1998,
	Bdsk-Url-1 = {http://dx.doi.org/10.1086/306146}
}


@misc{Schou-1999-JSOC,
  author = {Schou, J},
  title = {Mode parameters file documentation, Helioseismic Magnetic Imager},
  year = 1999,
  howpublished = {\url{http://quake.stanford.edu/~schou/anavw72z/?C=M;O=A}},
  note = {Accessed: 2019-07-17}
}


@ARTICLE{Schrijver-1997-ApJ,
       author = {{Schrijver}, Carolus J. and {Hagenaar}, Hermance J. and {Title}, Alan M.},
        title = "{On the Patterns of the Solar Granulation and Supergranulation}",
      journal = {\apj},
     keywords = {Convection, Sun: Granulation, Sun: Chromosphere},
         year = 1997,
        month = jan,
       volume = {475},
       number = {1},
        pages = {328-337},
          doi = {10.1086/303528},
       adsurl = {https://ui.adsabs.harvard.edu/abs/1997ApJ...475..328S},
      adsnote = {Provided by the SAO/NASA Astrophysics Data System}
}


@misc{SGK-2020-Github,
  author = {{Kashyap}, Samarth G.},
  title = {Spectral processing of doppler images},
  year = {2020},
  publisher = {GitHub},
  journal = {GitHub repository},
  howpublished = {\url{https://github.com/samarth-kashyap/dopplervel}}
}


@ARTICLE{SGK-2021-ApJS,
       author = {{Kashyap}, Samarth G. and {Das}, Srijan Bharati and {Hanasoge}, Shravan M. and {Woodard}, Martin F. and {Tromp}, Jeroen},
        title = "{Inferring Solar Differential Rotation through Normal-mode Coupling Using Bayesian Statistics}",
      journal = {\apjs},
     keywords = {Helioseismology, Solar oscillations, Solar differential rotation, Markov chain Monte Carlo, 709, 1515, 1996, 1889, Astrophysics - Solar and Stellar Astrophysics},
         year = 2021,
        month = apr,
       volume = {253},
       number = {2},
          eid = {47},
        pages = {47},
          doi = {10.3847/1538-4365/abdf5e},
archivePrefix = {arXiv},
       eprint = {2101.08933},
 primaryClass = {astro-ph.SR},
       adsurl = {https://ui.adsabs.harvard.edu/abs/2021ApJS..253...47K},
      adsnote = {Provided by the SAO/NASA Astrophysics Data System}
}


@ARTICLE{SGK-2021-ApJ,
       author = {{Kashyap}, Samarth G. and {Hanasoge}, Shravan M.},
        title = "{Characterizing Solar Surface Convection Using Doppler Measurements}",
      journal = {\apj},
     keywords = {Solar photosphere, Supergranulation, 1518, 1662, Astrophysics - Solar and Stellar Astrophysics},
         year = 2021,
        month = aug,
       volume = {916},
       number = {2},
          eid = {87},
        pages = {87},
          doi = {10.3847/1538-4357/ac05bc},
archivePrefix = {arXiv},
       eprint = {2105.12055},
 primaryClass = {astro-ph.SR},
       adsurl = {https://ui.adsabs.harvard.edu/abs/2021ApJ...916...87K},
      adsnote = {Provided by the SAO/NASA Astrophysics Data System}
}


@ARTICLE{SGK-2022-meridionalcirc,
       author = {{Kashyap}, Samarth G. and and {Hanasoge}, Shravan M.},
        title = "{Meridional circulation from normal-mode coupling}",
      journal = {\emph{in prep}},
     keywords = {Helioseismology, Solar oscillations, Solar differential rotation, Markov chain Monte Carlo, 709, 1515, 1996, 1889, Astrophysics - Solar and Stellar Astrophysics},
         year = 2022,
 primaryClass = {astro-ph.SR},
}


@ARTICLE{Sharma-2017-ARAA,
       author = {{Sharma}, Sanjib},
        title = "{Markov Chain Monte Carlo Methods for Bayesian Data Analysis in Astronomy}",
      journal = {\araa},
     keywords = {Astrophysics - Instrumentation and Methods for Astrophysics, Physics - Computational Physics, Statistics - Computation},
         year = 2017,
        month = aug,
       volume = {55},
       number = {1},
        pages = {213-259},
          doi = {10.1146/annurev-astro-082214-122339},
archivePrefix = {arXiv},
       eprint = {1706.01629},
 primaryClass = {astro-ph.IM},
       adsurl = {https://ui.adsabs.harvard.edu/abs/2017ARA&A..55..213S},
      adsnote = {Provided by the SAO/NASA Astrophysics Data System}
}


@ARTICLE{Solanki-2020-AAP,
       author = {{Solanki}, S.~K. and {del Toro Iniesta}, J.~C. and {Woch}, J. and {Gandorfer}, A. and {Hirzberger}, J. and {Alvarez-Herrero}, A. and {Appourchaux}, T. and {Mart{\'\i}nez Pillet}, V. and {P{\'e}rez-Grande}, I. and {Sanchis Kilders}, E. and {Schmidt}, W. and {G{\'o}mez Cama}, J.~M. and {Michalik}, H. and {Deutsch}, W. and {Fernandez-Rico}, G. and {Grauf}, B. and {Gizon}, L. and {Heerlein}, K. and {Kolleck}, M. and {Lagg}, A. and {Meller}, R. and {M{\"u}ller}, R. and {Sch{\"u}hle}, U. and {Staub}, J. and {Albert}, K. and {Alvarez Copano}, M. and {Beckmann}, U. and {Bischoff}, J. and {Busse}, D. and {Enge}, R. and {Frahm}, S. and {Germerott}, D. and {Guerrero}, L. and {L{\"o}ptien}, B. and {Meierdierks}, T. and {Oberdorfer}, D. and {Papagiannaki}, I. and {Ramanath}, S. and {Schou}, J. and {Werner}, S. and {Yang}, D. and {Zerr}, A. and {Bergmann}, M. and {Bochmann}, J. and {Heinrichs}, J. and {Meyer}, S. and {Monecke}, M. and {M{\"u}ller}, M. -F. and {Sperling}, M. and {{\'A}lvarez Garc{\'\i}a}, D. and {Aparicio}, B. and {Balaguer Jim{\'e}nez}, M. and {Bellot Rubio}, L.~R. and {Cobos Carracosa}, J.~P. and {Girela}, F. and {Hern{\'a}ndez Exp{\'o}sito}, D. and {Herranz}, M. and {Labrousse}, P. and {L{\'o}pez Jim{\'e}nez}, A. and {Orozco Su{\'a}rez}, D. and {Ramos}, J.~L. and {Barandiar{\'a}n}, J. and {Bastide}, L. and {Campuzano}, C. and {Cebollero}, M. and {D{\'a}vila}, B. and {Fern{\'a}ndez-Medina}, A. and {Garc{\'\i}a Parejo}, P. and {Garranzo-Garc{\'\i}a}, D. and {Laguna}, H. and {Mart{\'\i}n}, J.~A. and {Navarro}, R. and {N{\'u}{\~n}ez Peral}, A. and {Royo}, M. and {S{\'a}nchez}, A. and {Silva-L{\'o}pez}, M. and {Vera}, I. and {Villanueva}, J. and {Fourmond}, J. -J. and {de Galarreta}, C. Ruiz and {Bouzit}, M. and {Hervier}, V. and {Le Clec'h}, J.~C. and {Szwec}, N. and {Chaigneau}, M. and {Buttice}, V. and {Dominguez-Tagle}, C. and {Philippon}, A. and {Boumier}, P. and {Le Cocguen}, R. and {Baranjuk}, G. and {Bell}, A. and {Berkefeld}, Th. and {Baumgartner}, J. and {Heidecke}, F. and {Maue}, T. and {Nakai}, E. and {Scheiffelen}, T. and {Sigwarth}, M. and {Soltau}, D. and et al.},
        title = "{The Polarimetric and Helioseismic Imager on Solar Orbiter}",
      journal = {\aap},
     keywords = {instrumentation: polarimeters, techniques: imaging spectroscopy, techniques: polarimetric, Sun: photosphere, Sun: magnetic fields, Sun: helioseismology, Astrophysics - Instrumentation and Methods for Astrophysics, Astrophysics - Astrophysics of Galaxies},
         year = 2020,
        month = oct,
       volume = {642},
          eid = {A11},
        pages = {A11},
          doi = {10.1051/0004-6361/201935325},
archivePrefix = {arXiv},
       eprint = {1903.11061},
 primaryClass = {astro-ph.IM},
       adsurl = {https://ui.adsabs.harvard.edu/abs/2020A&A...642A..11S},
      adsnote = {Provided by the SAO/NASA Astrophysics Data System}
}


@ARTICLE{Spiegel-1992-AnA,
       author = {{Spiegel}, E.~A. and {Zahn}, J. -P.},
        title = "{The solar tachocline.}",
      journal = {\aap},
     keywords = {Solar Convection (Astronomy), Solar Interior, Solar Rotation, Angular Momentum, Helioseismology, Stellar Models, Turbulence Effects, Turbulent Boundary Layer, Solar Physics},
         year = 1992,
        month = nov,
       volume = {265},
        pages = {106-114},
       adsurl = {https://ui.adsabs.harvard.edu/abs/1992A&A...265..106S},
      adsnote = {Provided by the SAO/NASA Astrophysics Data System}
}


@ARTICLE{Stein-1989-ApJL,
       author = {{Stein}, R.~F. and {Nordlund}, A.},
        title = "{Topology of Convection beneath the Solar Surface}",
      journal = {\apjl},
     keywords = {Convection, Solar Atmosphere, Solar Granulation, Entropy, Hydrodynamic Equations, Radiant Heating, Surface Layers, Topology, Velocity Distribution, Solar Physics, CONVECTION, SUN: ATMOSPHERIC MOTIONS, SUN: GRANULATION, NUMERICAL METHODS},
         year = 1989,
        month = jul,
       volume = {342},
        pages = {L95},
          doi = {10.1086/185493},
       adsurl = {https://ui.adsabs.harvard.edu/abs/1989ApJ...342L..95S},
      adsnote = {Provided by the SAO/NASA Astrophysics Data System}
}


@ARTICLE{Stein-Nordlund-1998-ApJ,
       author = {{Stein}, R.~F. and {Nordlund}, {\r{A}}.},
        title = "{Simulations of Solar Granulation. I. General Properties}",
      journal = {\apj},
     keywords = {Convection, Hydrodynamics, Methods: Numerical, Sun: Granulation, Sun: Interior},
         year = 1998,
        month = may,
       volume = {499},
       number = {2},
        pages = {914-933},
          doi = {10.1086/305678},
       adsurl = {https://ui.adsabs.harvard.edu/abs/1998ApJ...499..914S},
      adsnote = {Provided by the SAO/NASA Astrophysics Data System}
}


@ARTICLE{Stejko-2021-ApJ,
       author = {{Stejko}, Andrey M. and {Kosovichev}, Alexander G. and {Pipin}, Valery V.},
        title = "{Forward Modeling Helioseismic Signatures of One- and Two-cell Meridional Circulation}",
      journal = {\apj},
     keywords = {Helioseismology, Computational methods, Solar meridional circulation, 709, 1965, 1874, Astrophysics - Solar and Stellar Astrophysics},
         year = 2021,
        month = apr,
       volume = {911},
       number = {2},
          eid = {90},
        pages = {90},
          doi = {10.3847/1538-4357/abec70},
archivePrefix = {arXiv},
       eprint = {2101.01220},
 primaryClass = {astro-ph.SR},
       adsurl = {https://ui.adsabs.harvard.edu/abs/2021ApJ...911...90S},
      adsnote = {Provided by the SAO/NASA Astrophysics Data System}
}


@BOOK{Stix-2002-book,
       author = {{Stix}, Michael},
        title = "{The sun: an introduction}",
         year = 2002,
       adsurl = {https://ui.adsabs.harvard.edu/abs/2002tsai.book.....S},
      adsnote = {Provided by the SAO/NASA Astrophysics Data System}
}


@ARTICLE{Tapping-1994-SoPh,
       author = {{Tapping}, K.~F. and {Charrois}, D.~P.},
        title = "{Limits to the Accuracy of the 10.7-CENTIMETER Flux}",
      journal = {\solphys},
     keywords = {Accuracy, Average, Correlation, Mathematical Models, Radio Astronomy, Sampling, Solar Activity, Solar Flares, Solar Flux, Solar Flux Density, Solar Radio Emission, Amplification, Angular Resolution, Atmospheric Effects, Atmospheric Temperature, Error Functions, Ground Effect (Communications), Noise Temperature, Radio Antennas, Radio Bursts, Radio Telescopes, Solar Physics},
         year = 1994,
        month = mar,
       volume = {150},
       number = {1-2},
        pages = {305-315},
          doi = {10.1007/BF00712892},
       adsurl = {https://ui.adsabs.harvard.edu/abs/1994SoPh..150..305T},
      adsnote = {Provided by the SAO/NASA Astrophysics Data System}
}


@ARTICLE{Thompson-1996-Science,
       author = {{Thompson}, M.~J. and {Toomre}, J. and {Anderson}, E.~R. and
         {Antia}, H.~M. and {Berthomieu}, G. and {Burtonclay}, D. and
         {Chitre}, S.~M. and {Christensen-Dalsgaard}, J. and {Corbard}, T. and
         {De Rosa}, M. and {Genovese}, C.~R. and {Gough}, D.~O. and
         {Haber}, D.~A. and {Harvey}, J.~W. and {Hill}, F. and {Howe}, R. and
         {Korzennik}, S.~G. and {Kosovichev}, A.~G. and {Leibacher}, J.~W. and
         {Pijpers}, F.~P. and {Provost}, J. and {Rhodes}, E.~J., Jr. and
         {Schou}, J. and {Sekii}, T. and {Stark}, P.~B. and {Wilson}, P.~R.},
        title = "{Differential Rotation and Dynamics of the Solar Interior}",
      journal = {Science},
         year = 1996,
        month = may,
       volume = {272},
       number = {5266},
        pages = {1300-1305},
          doi = {10.1126/science.272.5266.1300},
       adsurl = {https://ui.adsabs.harvard.edu/abs/1996Sci...272.1300T},
      adsnote = {Provided by the SAO/NASA Astrophysics Data System}
}


@ARTICLE{Thompson-2006-AAP,
       author = {{Thompson}, W.~T.},
        title = "{Coordinate systems for solar image data}",
      journal = {\aap},
     keywords = {standards, Sun: general, techniques: image processing, astronomical data bases: miscellaneous, methods: data analysis},
         year = 2006,
        month = apr,
       volume = {449},
       number = {2},
        pages = {791-803},
          doi = {10.1051/0004-6361:20054262},
       adsurl = {https://ui.adsabs.harvard.edu/abs/2006A&A...449..791T},
      adsnote = {Provided by the SAO/NASA Astrophysics Data System}
}


@ARTICLE{Ulrich-1970-ApJ,
       author = {{Ulrich}, Roger K.},
        title = "{The Five-Minute Oscillations on the Solar Surface}",
      journal = {\apj},
         year = 1970,
        month = dec,
       volume = {162},
        pages = {993},
          doi = {10.1086/150731},
       adsurl = {https://ui.adsabs.harvard.edu/abs/1970ApJ...162..993U},
      adsnote = {Provided by the SAO/NASA Astrophysics Data System}
}


@ARTICLE{Ulrich-1988-SoPh,
       author = {{Ulrich}, Roger K. and {Boyden}, John E. and {Webster}, Larry and
         {Snodgrass}, Herschel B. and {Padilla}, Steven P. and {Gilman}, Pamela and
         {Shieber}, Tom},
        title = "{Solar Rotation Measurements at MT.WILSON - Part Five}",
      journal = {\solphys},
     keywords = {Solar Limb, Solar Magnetic Field, Solar Rotation, Algorithms, Solar Observatories, Solar Oscillations, Solar Physics, Velocity Measurement, Solar Physics},
         year = 1988,
        month = sep,
       volume = {117},
       number = {2},
        pages = {291-328},
          doi = {10.1007/BF00147250},
       adsurl = {https://ui.adsabs.harvard.edu/abs/1988SoPh..117..291U},
      adsnote = {Provided by the SAO/NASA Astrophysics Data System}
}


@ARTICLE{Usoskin-2017-LRSP,
       author = {{Usoskin}, Ilya G.},
        title = "{A history of solar activity over millennia}",
      journal = {Living Reviews in Solar Physics},
     keywords = {Solar activity, Paleo-astrophysics, Cosmogenic isotopes, Solar-terrestrial relations, Solar physics, Long-term reconstructions, Solar dynamo},
         year = 2017,
        month = mar,
       volume = {14},
       number = {1},
          eid = {3},
        pages = {3},
          doi = {10.1007/s41116-017-0006-9},
       adsurl = {https://ui.adsabs.harvard.edu/abs/2017LRSP...14....3U},
      adsnote = {Provided by the SAO/NASA Astrophysics Data System}
}


@ARTICLE{Vorontsov-1991-Nature,
       author = {{Vorontsov}, S.~V. and {Baturin}, V.~A. and {Pamiatnykh}, A.~A.},
        title = "{Seismological measurement of solar helium abundance}",
      journal = {\nat},
     keywords = {Abundance, Helioseismology, Helium, Solar Interior, Solar Oscillations, Acoustic Frequencies, Signal To Noise Ratios, Solar Physics},
         year = 1991,
        month = jan,
       volume = {349},
       number = {6304},
        pages = {49-51},
          doi = {10.1038/349049a0},
       adsurl = {https://ui.adsabs.harvard.edu/abs/1991Natur.349...49V},
      adsnote = {Provided by the SAO/NASA Astrophysics Data System}
}


@article{Vorontsov-2002-Science,
	Adsnote = {Provided by the SAO/NASA Astrophysics Data System},
	Adsurl = {http://adsabs.harvard.edu/abs/2002Sci...296..101V},
	Author = {{Vorontsov}, S.~V. and {Christensen-Dalsgaard}, J. and {Schou}, J. and {Strakhov}, V.~N. and {Thompson}, M.~J.},
	Date-Added = {2009-07-15 07:31:01 +0200},
	Date-Modified = {2009-07-15 07:31:11 +0200},
	Doi = {10.1126/science.1069190},
	Journal = {Science},
	Month = apr,
	Pages = {101-103},
	Title = {{Helioseismic Measurement of Solar Torsional Oscillations}},
	Volume = 296,
	Year = 2002,
	Bdsk-Url-1 = {http://dx.doi.org/10.1126/science.1069190}
}


@ARTICLE{Vorontsov-2007-MNRAS,
       author = {{Vorontsov}, S.~V.},
        title = "{Solar p modes of high degree l: coupling by differential rotation}",
      journal = {\mnras},
     keywords = {waves, Sun: helioseismology, Sun: oscillations, Sun: rotation},
         year = 2007,
        month = jul,
       volume = {378},
       number = {4},
        pages = {1499-1506},
          doi = {10.1111/j.1365-2966.2007.11894.x},
       adsurl = {https://ui.adsabs.harvard.edu/abs/2007MNRAS.378.1499V},
      adsnote = {Provided by the SAO/NASA Astrophysics Data System}
}


@ARTICLE{Vorontsov-2011-MNRAS,
       author = {{Vorontsov}, S.~V.},
        title = "{Effects of differential rotation and meridional circulation in solar oscillations of high degree l}",
      journal = {\mnras},
     keywords = {waves, Sun: helioseismology, Sun: oscillations, Sun: rotation},
         year = 2011,
        month = dec,
       volume = {418},
       number = {2},
        pages = {1146-1155},
          doi = {10.1111/j.1365-2966.2011.19564.x},
       adsurl = {https://ui.adsabs.harvard.edu/abs/2011MNRAS.418.1146V},
      adsnote = {Provided by the SAO/NASA Astrophysics Data System}
}


@article{Woodard-1989-ApJ,
	Adsnote = {Provided by the SAO/NASA Astrophysics Data System},
	Adsurl = {http://adsabs.harvard.edu/abs/1989ApJ...347.1176W},
	Author = {{Woodard}, M.~F.},
	Date-Added = {2018-12-02 08:47:48 +0530},
	Date-Modified = {2018-12-02 08:47:55 +0530},
	Doi = {10.1086/168206},
	Journal = {\apj},
	Keywords = {Eigenvectors, Solar Oscillations, Solar Rotation, Axes Of Rotation, Formalism, Spherical Harmonics},
	Month = dec,
	Pages = {1176-1182},
	Title = {{Distortion of high-degree solar p-mode eigenfunctions by latitudinal differential rotation}},
	Volume = 347,
	Year = 1989,
	Bdsk-Url-1 = {https://doi.org/10.1086/168206}
}


@ARTICLE{Woodard-2000-SoPh,
       author = {{Woodard}, Martin F.},
        title = "{Theoretical Signature of Solar Meridional Flow in Global Seismic Data}",
      journal = {\solphys},
         year = 2000,
        month = nov,
       volume = {197},
       number = {1},
        pages = {11-20},
          doi = {10.1023/A:1026508211960},
       adsurl = {https://ui.adsabs.harvard.edu/abs/2000SoPh..197...11W},
      adsnote = {Provided by the SAO/NASA Astrophysics Data System}
}


@article{Woodard-2013-SoPh,
	Adsnote = {Provided by the SAO/NASA Astrophysics Data System},
	Adsurl = {http://adsabs.harvard.edu/abs/2013SoPh..287..129W},
	Author = {{Woodard}, M. and {Schou}, J. and {Birch}, A.~C. and {Larson}, T.~P.},
	Date-Added = {2014-06-09 05:59:03 +0000},
	Date-Modified = {2014-06-09 05:59:12 +0000},
	Doi = {10.1007/s11207-012-0075-9},
	Journal = {\solphys},
	Keywords = {Solar interior, Mass flows, Helioseismology, Solar dynamo},
	Month = oct,
	Pages = {129-147},
	Title = {{Global-Oscillation Eigenfunction Measurements of Solar Meridional Flow}},
	Volume = 287,
	Year = 2013,
	Bdsk-Url-1 = {http://dx.doi.org/10.1007/s11207-012-0075-9}
}


@article{Woodard-2016-MNRAS,
	Adsnote = {Provided by the SAO/NASA Astrophysics Data System},
	Adsurl = {http://adsabs.harvard.edu/abs/2016MNRAS.460.3292W},
	Archiveprefix = {arXiv},
	Author = {{Woodard}, M.~F.},
	Date-Added = {2016-12-01 05:03:28 +0000},
	Date-Modified = {2016-12-01 05:03:35 +0000},
	Doi = {10.1093/mnras/stw1223},
	Eprint = {1605.06192},
	Journal = {\mnras},
	Keywords = {convection, Sun: helioseismology, Sun: oscillations, stars: interiors},
	Month = aug,
	Pages = {3292-3297},
	Primaryclass = {astro-ph.SR},
	Title = {{Evidence for large-scale subsurface convection in the Sun}},
	Volume = 460,
	Year = 2016,
	Bdsk-Url-1 = {http://dx.doi.org/10.1093/mnras/stw1223}
}


@article{Wright-Kanodia-2020-PSJ,
	doi = {10.3847/psj/ababa4},
	url = {https://doi.org/10.3847%2Fpsj%2Fababa4},
	year = 2020,
	month = aug,
	publisher = {American Astronomical Society},
	volume = {1},
	number = {2},
	pages = {38},
	author = {Jason T. Wright and Shubham Kanodia},
	title = {Barycentric Corrections for Precise Radial Velocity Measurements of Sunlight},
	journal = {The Planetary Science Journal},
	abstract = {We provide formulae for the calculation of precise Doppler velocities of sunlight, in both the case of direct observations of the Sun and in reflection from the surfaces of solar system objects such as the Moon or asteroids. We discuss the meaning of a “barycentric correction” of measurements of these Doppler velocities, which is a different procedure from the analogous correction for starlight, and provide a formula for reducing such measurements to the component of the Sun’s motion in the direction of Earth or other solar system object. We have implemented this procedure in the public barycorrpy Python package and use it to explore the properties of the barycentric-corrected Doppler velocity of sunlight over 30 yr. When measured directly, we show that it is dominated by nonperiodic motion due to Jupiter and that the signals of the other planets, including Venus, are not discernible in Fourier space. We show that “detecting” Venus in Doppler velocities of sunlight will require either observing sunlight in reflection from an asteroid or modeling their individual contributions to the motion of the Sun in counterfactual kinematic or dynamical simulations of the solar system with and without them.}
}


@ARTICLE{Zhao-2004-ApJ,
   author = {{Zhao}, J. and {Kosovichev}, A.~G.},
    title = "{Torsional Oscillation, Meridional Flows, and Vorticity Inferred in the Upper Convection Zone of the Sun by Time-Distance Helioseismology}",
  journal = {\apj},
 keywords = {Sun: Activity, Sun: Helioseismology, Sun: Interior, Sun: Oscillations, Sun: Rotation},
     year = 2004,
    month = mar,
   volume = 603,
    pages = {776-784},
      doi = {10.1086/381489},
   adsurl = {https://ui.adsabs.harvard.edu/abs/2004ApJ...603..776Z},
  adsnote = {Provided by the SAO/NASA Astrophysics Data System}
}


@ARTICLE{Zhao-2012-ApJL,
       author = {{Zhao}, Junwei and {Nagashima}, Kaori and {Bogart}, R.~S. and {Kosovichev}, A.~G. and {Duvall}, T.~L., Jr.},
        title = "{Systematic Center-to-limb Variation in Measured Helioseismic Travel Times and its Effect on Inferences of Solar Interior Meridional Flows}",
      journal = {\apjl},
     keywords = {Sun: helioseismology, Sun: interior, Sun: oscillations, Astrophysics - Solar and Stellar Astrophysics},
         year = 2012,
        month = apr,
       volume = {749},
       number = {1},
          eid = {L5},
        pages = {L5},
          doi = {10.1088/2041-8205/749/1/L5},
archivePrefix = {arXiv},
       eprint = {1203.1904},
 primaryClass = {astro-ph.SR},
       adsurl = {https://ui.adsabs.harvard.edu/abs/2012ApJ...749L...5Z},
      adsnote = {Provided by the SAO/NASA Astrophysics Data System}
}


@ARTICLE{Zhao-2013-ApJL,
       author = {{Zhao}, Junwei and {Bogart}, R.~S. and {Kosovichev}, A.~G. and {Duvall}, T.~L., Jr. and {Hartlep}, Thomas},
        title = "{Detection of Equatorward Meridional Flow and Evidence of Double-cell Meridional Circulation inside the Sun}",
      journal = {\apjl},
     keywords = {Sun: helioseismology, Sun: interior, Sun: oscillations, Astrophysics - Solar and Stellar Astrophysics, Astrophysics - Earth and Planetary Astrophysics},
         year = 2013,
        month = sep,
       volume = {774},
       number = {2},
          eid = {L29},
        pages = {L29},
          doi = {10.1088/2041-8205/774/2/L29},
archivePrefix = {arXiv},
       eprint = {1307.8422},
 primaryClass = {astro-ph.SR},
       adsurl = {https://ui.adsabs.harvard.edu/abs/2013ApJ...774L..29Z},
      adsnote = {Provided by the SAO/NASA Astrophysics Data System}
}
